3156 4966
756 161 800 226 84

699 252 817 261 .—.—-·—
824 252 858 259 --

469 354 542 417 εἴπω
565 381 596 416 τι
618 363 681 417 τοῖν
703 351 870 433 εἰωθὸτων,
894 352 919 416 ὦ
941 356 1082 433 δέσποτα,

471 462 520 542 ἐφ’
544 461 589 533 οἷς
612 464 660 524 ἀεὶ
681 470 806 544 γελῶσιν
829 471 857 524 οἱ
879 458 1049 542 θεώμενοι,
1243 466 1286 526 Β.
1311 465 1392 548 1-2,

172 574 207 632 ot
231 571 267 628 Σ.
285 569 337 651 59,
360 569 399 630 Ε.
423 569 496 650 658,
519 571 558 630 Β.
584 571 656 634 132.

427 673 513 757 ἀτὰρ,
538 677 622 756 φίλοι
643 675 700 759 γὰρ
724 686 752 738 οἱ
773 672 920 760 παρόντες
943 678 977 738 έν
1001 672 1084 760 loyor,
1125 679 1173 740 A.
1189 679 1274 763 513,
1302 679 1339 742 O.
1352 679 1394 744 30.

260 785 314 848 Ita
336 784 370 849 in
392 782 552 866 singulari
575 803 724 851 nurnero:

302 908 362 968 ἀλλ’
384 904 493 980 οῦξιών
515 903 669 989 πρώτιστα
692 908 747 988 μέν
768 931 821 988 μοι
843 906 879 967 τὸ
901 907 986 988 γένος
1009 904 1065 968 εἶπ’
1090 905 1127 966 ἂν
1151 906 1259 979 έυθῦς

302 1021 357 1075 τοῦ
380 1009 540 1096 δράματος,
566 1021 627 1074 κτλ.
1187 1017 1232 1076 Β.
1260 1019 1398 1085 946-7,

214 1147 270 1201 νῦν
292 1137 318 1200 δ’
333 1141 434 1220 ὥσπερ
458 1134 612 1229 ε’λαολᾷγοι
634 1138 758 1221 χωρεῖθ’
774 1142 837 1218 ἅμα
861 1146 903 1218 τῷ
925 1137 979 1199 τὸν
1001 1136 1115 1217 μισθὸν
1137 1139 1255 1220 ἔχοντι.
1280 1124 1404 1211 ΣΤΙῖ.

258 1264 335 1329 Alia
350 1266 499 1345 exempla
513 1270 665 1329 811111τεόν
680 1259 925 1343 ἀντιβολούντων
936 1267 971 1325 Σ.
982 1265 1056 1331 559.
1084 1262 1156 1334 τούς
1170 1266 1400 1347 ἀφικνομένονς

174 1372 211 1433 O.
241 1373 336 1437 1418.
403 1368 475 1441 τοὺς
520 1370 701 1450 βινομένοως
748 1375 775 1430 1.
808 1372 881 1453 877,
927 1372 1000 1435 879.
1069 1370 1171 1430 τοῖσι·
1194 1375 1399 1454 βουλομένοις

171 1478 398 1560 Pherecrates,
434 1480 554 1539 Μεταλ.
587 1478 612 1558 Ι,
649 1479 699 1542 31.
758 1477 823 1547 τοῖς
854 1471 968 1538 εἰδόσιν
1000 1481 1040 1542 Ν.
1077 1479 1171 1543 1241.
1229 1488 1261 1540 οἱ
1294 1483 1399 1554 θέντες

172 1588 210 1650 Ν.
236 1586 329 1651 1181.
375 1592 403 1644 οἱ
425 1579 594 1662 καθήμενοι
617 1584 654 1649 Ε,
678 1585 752 1666 932,
784 1584 840 1649 Εκ.
865 1585 915 1649 94,
961 1584 1025 1654 τοῖς
1055 1585 1227 1664 λεγομένοις
1257 1591 1304 1654 Π,
1329 1592 1399 1656 647.

172 1699 200 1753 οἱ
243 1691 430 1770 μεμνημένοι
470 1692 507 1756 Β.
541 1693 614 1773 158,
650 1692 723 1756 318.
791 1698 835 1769 τῷ
877 1691 1047 1773 πραχθέντι
1091 1692 1129 1756 Ε.
1148 1761 1151 1767 ,
1168 1692 1270 1760 1085.
1343 1704 1400 1758 τοῖν

170 1797 410 1881 προλελεγμένων
434 1800 469 1863 Σ.
489 1799 561 1863 886.
598 1804 659 1857 τῶν
681 1798 966 1879 ταλαιπορουμένων
991 1798 1028 1863 Ε.
1042 1799 1117 1862 476.
1154 1799 1221 1870 τοῖς
1246 1807 1399 1882 τολμῶσιν

172 1906 228 1971 Eu.
252 1906 326 1970 560.
373 1913 400 1966 οἱ
422 1900 586 1975 τύπτοντες
608 1905 663 1969 Εκ.
687 1906 761 1970 663.
798 1903 870 1976 τούς
892 1907 1066 1988 ὠχριῶντας
1084 1906 1213 1990 111103,
1238 1913 1317 1994 θὶς,
1341 1917 1398 1976 etc,

262 2013 351 2077 Raro
374 2011 547 2093 participio
570 2014 722 2094 neglecto
746 2011 904 2077 articulus
928 2015 1014 2078 solus
1039 2011 1171 2092 ponitur
1194 2020 1233 2079 ut
1260 2015 1299 2082 in

877 2143 892 2197 ὁ
915 2136 968 2198 τὸν
991 2134 1104 2216 μισθὸν
1127 2138 1221 2218 λέγων

429 2243 484 2304 τὸν
506 2242 561 2315 τὰς
582 2238 715 2327 τριήρεις
736 2243 944 2328 παραδραμών
968 2242 1005 2305 ἂν
1028 2247 1130 2327 ᾤχετο.
1177 2250 1206 2311 Ι.
1232 2248 1399 2335 1352--3²
1433 2194 1435 2215 Ι

174 2373 232 2435 sed
245 2370 450 2451 participium
474 2371 597 2449 λέγοντα
619 2370 719 2436 facilc
742 2371 886 2451 suppleri
907 2377 1018 2451 potest
1032 2391 1072 2436 cx
1086 2389 1286 2455 praegresso
1303 2377 1399 2458 λέγων.

174 2480 289 2557 Itaque
312 2477 345 2543 iu

386 2582 441 2654 τὰς
464 2585 552 2646 οὐδέν
578 2587 663 2668 ὑγιές,
686 2583 741 2655 τὰς
764 2584 826 2664 μέγ’
850 2580 997 2667 ἀνδράσιν
1021 2580 1113 2646 κακόν
1264 2590 1306 2655 Θ,
1331 2593 1399 2674 394,

175 2709 382 2790 participium
407 2711 500 2779 οὔσας
522 2711 736 2789 supplendum
760 2715 818 2774 cst.

262 2818 304 2882 ΙΙ.
328 2815 515 2898 Participia‚
540 2835 623 2895 quac
646 2816 788 2881 incertos
804 2836 958 2905 personas
973 2835 1078 2896 noque
1093 2824 1219 2882 certum
1235 2824 1398 2899 quendam

174 2925 318 2991 ordinem
341 2924 396 2989 vel
420 2929 544 3004 partem
568 2921 688 2989 ordinis
711 2923 905 3006 significant,
929 2922 1069 2989 articulo
1093 2930 1216 3008 carent,
1232 2924 1256 3010 ¹)
1282 2935 1325 2994 ut

408 3045 445 3121 ἢν
467 3044 629 3126 παίσωμεν
652 3043 822 3130 πρώτιστον
844 3051 900 3127 μέν
923 3045 976 3121 §ric
999 3050 1136 3109 ὅπλοισιν

307 3146 507 3237 ἀμορᾶζοντας
530 3155 581 3214 καὶ
603 3154 811 3233 μαινομένους.
1184 3154 1230 3222 Λ.
1256 3159 1396 3245 555-6,

173 3280 268 3364 “Cum
301 3279 506 3362 effecerimus,
544 3283 581 3342 ut
617 3278 760 3343 homines
796 3279 829 3344 in
865 3279 935 3344 foro
973 3298 1063 3343 ormo
1100 3298 1206 3344 secum
1241 3282 1337 3352 ferro
1368 3292 1397 3353 ct
1432 3336 1435 3341 -

172 3386 320 3452 furentes
344 3407 413 3451 csso
442 3385 653 3450 desinerent.”
699 3385 777 3449 Cum
805 3386 945 3452 articulo
968 3391 1077 3450 autem
1100 3388 1271 3455 sententia
1295 3400 1397 3460 essct:

173 3512 261 3577 “cum
285 3512 347 3576 cos,
372 3492 482 3572 quiin
505 3492 575 3557 foro
599 3512 689 3557 ormo
712 3511 818 3558 sccum
841 3494 961 3576 ferunt,
986 3494 1064 3558 otc.”

261 3599 340 3664 Alia
361 3601 496 3664 nonullo
520 3601 669 3678 exempla
692 3605 785 3664 suut:

373 3724 380 3734 ’
405 3725 519 3806 Αὔταρ
544 3721 618 3797 ἐπὴν
638 3726 765 3798 ἄκλητος
789 3723 843 3786 ἰών
867 3728 1031 3808 ἄνθρωπος
1054 3722 1170 3796 ἀλαζών

407 3836 486 3915 λυπῇ
508 3825 643 3902 θύοντας
666 3837 726 3896 κτλ,
1192 3834 1228 3898 O,
1253 3838 1398 3906 983--4¹

406 3939 462 3999 κάκ
485 3940 632 3999 Βοιωτοῖν
653 3962 686 4018 γε
709 3938 858 4021 φέροντας
882 3939 958 4000 ἰδεῖν

405 4051 506 4126 χῆνας,
531 4041 649 4122 νήττας,
674 4050 734 4110 κτλ,
1058 4076 1064 4088 ·
1166 4047 1205 4112 Ε.
1231 4049 1400 4119 1003-4.

172 4191 382 4199 ——....-——-

247 4239 266 4308 ¹)
285 4238 432 4293 Matthiae.
461 4239 504 4293 Gr.
525 4242 570 4292 Gr.
590 4242 623 4306 ΙΙ,
648 4241 744 4309 ξῦδθ,
772 4240 906 4297 Sohucicr.
938 4240 981 4294 ud.
1010 4240 1103 4313 Eurip.
1135 4241 1222 4297 Orosi.
1252 4244 1310 4302 740
1337 4247 1397 4321 (Ed,

172 4326 293 4397 Porson),
313 4329 343 4381 ct
360 4326 396 4383 ud
414 4327 492 4384 Bion.
512 4328 532 4393 1,
553 4330 593 4390 14,
