3156 4966
761 170 803 235 82

705 260 863 272 *-

173 362 213 427 τοί
245 366 382 445 διαφανῆ
411 360 537 447 χιτώνια
569 365 614 431 Λ.
641 368 693 432 48.
747 365 804 440 τὴν
837 363 996 449 οίραπητὴν
1032 365 1130 427 παῖδα
1168 368 1210 432 Θ.
1247 368 1321 433 761.
1364 365 1391 428 τί

172 473 345 553 γυναικεῖον
368 477 463 553 φῦλον
490 474 526 537 Θ.
542 475 615 539 786.
647 479 703 535 τοῦ
726 469 913 556 τροχηλάτου
937 470 1047 555 λύχνου
1066 473 1121 539 Εκ.
1139 474 1169 539 1.
1205 472 1265 535 τὸν
1280 475 1392 558 ἀρχαῖοι

174 575 268 659 νόμον
291 580 346 644 Eu.
370 581 442 645 216.
474 581 542 650 ταῖς
563 580 786 663 πρεσβυτέραις
807 582 943 659 γυναιξίν
966 581 1022 647 Εκ.
1041 581 1133 647 1019.
1167 579 1228 642 τὸν
1245 576 1392 665 ἐπιχώριον

174 681 287 769 τρόπον
310 688 353 747 Π.
375 689 427 768 47,
451 693 522 770 eit,
546 693 607 751 etc.

263 812 302 877 In
333 812 474 876 secundo
506 813 677 877 verborum
720 812 830 877 ordine
867 812 1108 879 sribstantivnm
1146 833 1223 878 cum
1264 814 1393 880 articulo

176 916 314 1000 positum
338 919 504 1000 emphasin
527 918 625 983 habet
649 925 684 983 et
707 919 873 983 definitum
897 926 956 1002 est,
980 939 1050 985 eum
1073 919 1296 1005 adiectivum‚
1322 922 1395 1002 quod

176 1026 330 1109 sequitur,
354 1026 419 1092 vim
443 1025 619 1107 appositivi
632 1024 657 1111 ¹)
680 1027 818 1090 tabeat:

388 1193 416 1245 οἱ
436 1186 573 1267 χέροντες
597 1192 624 1245 oi
646 1188 770 1246 παλαιοί
788 1181 992 1266 μεμφόμεσθα
1014 1193 1054 1270 τῇ
1075 1182 1169 1252 πόλει.
1258 1191 1309 1252 Α.
1335 1191 1374 1254 67

387 1287 480 1353 κύσον
502 1316 539 1371 με
562 1294 613 1353 καί
635 1290 691 1366 την
713 1293 799 1374 χεῖρα
823 1290 875 1362 δὸς
896 1291 952 1366 τὴν
976 1289 1086 1365 δεξιάν.
1288 1299 1333 1358 Ν.
1357 1298 1396 1362 81

175 1450 229 1512 τὸν
261 1452 352 1531 ὅλμον
383 1450 437 1512 τὸν
469 1452 561 1531 με’χαν
591 1456 626 1512 Σ.
651 1455 724 1518 201.
769 1460 824 1527 τῆς
852 1454 946 1535 ἀρχῆς
972 1460 1027 1527 τῆς
1052 1453 1241 1535 περισέμνου
1268 1459 1308 1516 Σ.
1335 1458 1396 1522 604

176 1565 230 1628 τῒς
261 1559 380 1631 διαίτης
410 1566 464 1632 τῆς
495 1564 625 1628 παλαιιῖ,1
657 1559 693 1622 Ε.
718 1560 791 1624 572.
846 1567 877 1619 αἱ
907 1555 1040 1643 τριήρεις
1073 1567 1103 1619 αἱ
1134 1562 1227 1620 καλαί
1265 1564 1303 1628 O.
1336 1565 1397 1629 108.

176 1666 240 1735 τοῖς
253 1665 418 1746 χιτωνίοισι
432 1665 496 1735 τοῖς
511 1666 684 1747 ἀμοργίνοις
697 1665 741 1731 Λ,
754 1666 826 1731 150.
863 1663 919 1739 τὴν
932 1661 1049 1746 χνιλθυν
1064 1663 1120 1740 τὴν
1142 1662 1250 1740 δεξιάν
1280 1670 1318 1735 Θ.
1334 1672 1399 1735 221.

176 1769 230 1832 τὸν
252 1767 367 1853 πύργον
391 1769 444 1832 τὸν
470 1767 587 1853 ὑψηλόν
611 1774 647 1837 B.
674 1773 745 1838 130.
801 1767 952 1852 θαίμάτια
988 1773 1214 1855 τοίνιίρεῖαΕκ.
1242 1776 1299 1860 75,
1333 1776 1398 1843 275.

176 1881 228 1939 καί
250 1873 305 1948 τοίς
326 1879 476 1960 χ’ἑταίρας
500 1881 576 1958 φασί
599 1877 652 1948 τὰς
674 1880 848 1961 Κορινθίας
872 1881 913 1939 Π.
940 1880 1010 1963 149,
1035 1888 1105 1964 ete„
1129 1886 1191 1945 etc.

268 2002 346 2068 Cum
382 2010 491 2068 autem
528 2005 768 2069 orrbstantiviun
801 2002 941 2069 articulo
975 2012 1101 2088 careat,
1132 2005 1197 2069 etsi
1232 2007 1400 2090 emphasin

177 2111 286 2193 habet,
309 2117 419 2176 tamen
442 2110 643 2175 indefinitum
667 2118 725 2192 ent,
759 2117 792 2174 et
816 2110 977 2176 adiectiuo
1002 2111 1115 2176 addito
1139 2113 1399 2181 determinatur:

267 2250 323 2313 κᾶν
350 2248 481 2334 οιὀίχρος
505 2253 627 2336 εῐσέλθη
652 2249 778 2332 στίχοιν,
804 2255 859 2314 oria
884 2248 1048 2332 ἀποφεύγει
1071 2255 1143 2334 πρίν
1167 2251 1206 2313 ἂν
1230 2257 1311 2335 ἡμῖν

269 2361 300 2421 εἰι
323 2366 378 2433 τῆς
399 2355 519 2439 Νιόβης
542 2360 611 2443 εἴπῃ
640 2357 729 2438 ῥῆσιν
753 2358 808 2434 τήν
832 2361 991 2433 καλλίστην
1016 2360 1163 2432 ἀπολέξας
1270 2367 1308 2429 Σ.
1332 2365 1397 2430 580

265 2486 442 2567 μυστηρίοις
464 2487 497 2546 δὲ
519 2486 584 2554 τοῖς
606 2480 743 2564 μεγάλοις
767 2484 934 2565 ὀχουμένην

267 2592 316 2652 ε’πί
337 2598 392 2665 τῆς
415 2587 529 2671 ἁμάξης
552 2593 599 2652 ὅτι
622 2591 833 2675 προσέβλεψέν
857 2591 896 2668 με’
917 2615 971 2666 τις,
1164 2593 1209 2653 Π.
1237 2595 1397 2661 1013-4.

266 2734 357 2797 Haec
396 2734 499 2798 forma
540 2733 789 2799 constructionis
831 2738 882 2797 eet
919 2751 1001 2812 quae
1039 2751 1165 2812 semper
1203 2734 1278 2803 fere
1318 2739 1396 2820 apud

165 2834 305 2905 'uomina
328 2841 461 2920 propria
484 2841 658 2906 invenitur.
705 2840 747 2904 ef
767 2860 795 2920 p.
820 2842 871 2904 66.

264 2965 306 3030 Π.
352 2964 387 3029 Si
409 2949 605 3031 adiectivuni
628 2965 833 3030 substantivo
849 2963 981 3043 eiusque
1005 2965 1144 3030 articulo
1163 2972 1394 3053 praegreditur

177 3077 235 3136 aut
258 3071 327 3135 sine
351 3070 490 3136 articulo
514 3071 655 3150 repetito
679 3071 835 3153 seqnitur,
859 3071 1117 3150 praedicativam
1140 3072 1207 3138 vim
1233 3077 1393 3161 participii

177 3176 256 3262 dfl)
289 3179 344 3244 vel
368 3178 551 3243 sententiae
575 3179 737 3242 relativae
760 3180 873 3262 habet,
907 3184 941 3242 et
965 3180 1003 3242 ea
1026 3179 1143 3260 positio
1167 3186 1392 3259 praedicative

176 3291 320 3350 vocatur.
337 3363 339 3365 ‚
358 3285 429 3366 Qua
444 3284 683 3349 conetructione
707 3285 946 3350 sirbstantiunnr
961 3304 1023 3349 non
1049 3287 1089 3350 ab
1109 3286 1182 3351 aliis
1206 3294 1392 3375 nominibus,
1414 3350 1417 3371 ,

177 3394 233 3455 sed
278 3411 376 3456 unum
418 3391 612 3456 attributum
658 3392 799 3455 eiusdem
844 3392 979 3457 nominis
1026 3393 1066 3456 ab
1107 3392 1182 3458 aliis
1226 3399 1392 3467 attribut'u

177 3498 396 3579 distinguitur.
421 3517 446 3562 e.
471 3518 500 3580 g.

249 3745 268 3812 ¹)
288 3743 326 3797 Cf.
346 3763 373 3813 p.
393 3746 427 3800 38
446 3746 476 3797 B.

247 3830 267 3902 2)
287 3831 366 3896 Quod
385 3831 420 3884 ι’ίν
439 3851 520 3902 saepe
539 3834 658 3902 ponitur,
679 3837 710 3888 nt

739 3941 869 3998 οὐδ’ἕλεεῒς
887 3944 916 3996 τὸ
933 3943 1039 3998 παιδίον
1098 3973 1102 3982 ’

477 4029 584 4083 ἄλουτον
603 4032 632 4084 ὃν
649 4031 769 4098 κᾶθηλον
788 4032 863 4097 ἕκτην
880 4033 996 4104 opstipum

828 4122 873 4173 οὐκ
892 4123 950 4175 ἔσθ’
970 4118 1039 4179 λίποις

475 4209 503 4260 οὐ
523 4211 566 4262 τὸν
584 4209 749 4280 Παλαμηὸον
770 4212 867 4282 ψυχρὸν
884 4208 1085 4279 ὄντάἷοχύνεται

112 4283 114 4288 ¹
176 4314 216 4369 cf.
235 4318 380 4384 praeterea
400 4320 428 4372 Θ.
449 4318 579 4376 lea-70.
