3112 4972
732 239 890 336 gu-

200 434 346 520 θήρῷον,
365 431 386 514 ¹)
431 451 524 498 nemo
571 432 806 497 animadvertit
848 431 918 497 veri
954 430 1059 494 simile
1098 449 1182 506 esse,
1221 433 1307 510 quod
1336 430 1405 516 ἡλιο

200 540 339 605 articulo
364 545 463 623 caret,
487 539 590 604 eidem
614 557 731 603 causae
755 539 962 603 tribuendum
986 556 1064 618 esse,
1088 537 1179 602 etin

381 695 486 779 μίνοις
506 694 563 781 γάρ
587 699 658 777 ἡμῖν
681 700 765 772 ἥλιος
788 701 838 759 καί
862 699 970 778 φέχχος
991 692 1094 780 ἱλαρόν
1118 698 1211 758 ἐστιν.
1288 700 1325 763 B.
1349 698 1424 782 455,

617 803 742 867 ἐπειδὰν
764 812 885 888 πρῶτον
909 805 991 879 {iiiuc
1013 811 1122 888 τραπῇ,
1267 805 1324 866 Ex.
1348 807 1423 882 416,

201 922 235 980 et
381 909 472 984 πόλος
494 907 556 973 τὸδ’
580 913 680 994 ictio,
705 911 770 974 εἶτα
793 911 909 987 ποστὴν
932 912 1220 993 diaconimaritum
1256 914 1282 972 Γ
1276 935 1360 995 ppos.
1376 913 1425 996 V,

200 1095 266 1140 non
289 1093 419 1140 necesse
443 1092 512 1138 esse
541 1078 658 1156 putare
684 1075 773 1158 ἥλιος
799 1073 938 1139 articulo
962 1091 1088 1155 carere,
1121 1073 1178 1136 sed
1201 1072 1310 1152 potius
1335 1072 1425 1158 ἥλιος

202 1201 339 1262 aequum
363 1199 433 1246 esse
456 1199 495 1246 ac
521 1180 538 1245 ὁ
562 1180 652 1265 ἥλιος
681 1199 740 1262 per
764 1180 871 1245 crasin
894 1179 1107 1245 coniunctum.
1153 1179 1263 1259 Atque
1287 1179 1319 1244 id
1343 1180 1425 1244 bene

202 1290 360 1370 probatur
387 1287 487 1368 ipsius
502 1287 740 1369 Aristophanis
765 1307 842 1370 usu,
879 1307 954 1354 nam
977 1286 1145 1353 invenitur
1169 1291 1214 1371 χώ
1237 1291 1425 1370 πανοῦργος

194 1397 309 1474 Ἥλιος
334 1405 370 1462 Ε.
385 1397 459 1479 406,
482 1395 538 1459 ubi
552 1394 711 1459 articulus
725 1414 790 1460 non
813 1395 906 1459 iuxta
925 1413 1041 1460 nomen
1066 1395 1157 1478 ἥλιος
1181 1400 1241 1478 est,
1265 1399 1299 1458 et
1322 1412 1427 1472 aeque

203 1504 302 1568 erasis
317 1503 449 1569 ‘vitatur
471 1501 505 1567 in
530 1499 547 1566 ὁ
572 1501 693 1586 (ίὴλιος
720 1502 849 1567 17584.
882 1501 1099 1567 Accusativus
1123 1501 1299 1566 articulum
1318 1501 1427 1583 habet,

203 1611 302 1677 etiam
327 1630 397 1676 cum
421 1609 662 1690 praepositione
686 1610 767 1693 πρὸς
800 1609 976 1694 invenitur,
1006 1609 1087 1692 πρὸς
1108 1609 1167 1674 τὸν
1182 1609 1274 1693 ἥλιον
1299 1611 1337 1672 N.
1353 1609 1428 1690 771,

203 1718 240 1782 Ε.
265 1720 338 1801 567,
366 1717 401 1781 0.
426 1719 477 1798 69,
501 1716 557 1782 Εκ.
581 1718 632 1801 64,
656 1716 826 1781 111111.
850 1716 974 1799 XXIII,
999 1723 1034 1780 et
1056 1735 1121 1781 una
1145 1715 1294 1795 exceptio
1319 1720 1369 1779 est

1001 1874 1038 1950 ἢν
1062 1877 1148 1960 ἐξέχῃ

461 1983 523 2058 sidu
546 1985 612 2045 κατ’
637 1978 904 2069 ὄρθρον,·ἡλιάοεο
926 1981 1001 2066 πρὸς
1024 1983 1117 2057 ἥλιον.
1226 1986 1262 2043 Σ.
1287 1983 1429 2067 ’ΠΙ-2,

204 2145 261 2211 ubi
290 2144 382 2230 ἥλιον
415 2145 520 2209 lucem
553 2146 661 2226 potius
694 2146 771 2211 solis
801 2164 897 2225 quam
920 2146 1021 2210 solem
1044 2143 1216 2226 significat.
1263 2143 1430 2226 Quattuor

204 2251 276 2334 loci,
299 2250 354 2315 ubi
378 2270 470 2316 casus
485 2252 666 2337 genetivus,
686 2253 825 2318 articulo
850 2257 958 2317 caret:
992 2250 1086 2336 ἡλίου
1108 2254 1263 2335 τηλαυγὲς
1286 2252 1429 2318 ἀκτίνων

205 2361 304 2436 σέλας.
338 2363 372 2424 0.
401 2360 495 2441 1711,
521 2358 616 2446 ἡλίου
638 2365 742 2447 τροχῷ
769 2365 804 2424 Θ.
836 2360 886 2442 17,
920 2357 1068 2444 λαμπρὰς
1097 2356 1191 2444 ἡλίου
1220 2358 1312 2444 τιμὰς
1342 2359 1430 2443 ἔχεις·

205 2474 262 2533 Ex.
280 2468 309 2545 5,
325 2471 359 2529 et
375 2474 463 2551 χαῖρε
484 2468 602 2551 φέγγος
621 2464 718 2552 ἡλίου
738 2469 833 2533 Aure.
854 2465 911 2529 IX.
926 2466 955 2548 2,
978 2483 1048 2529 cum
1063 2483 1171 2529 omnes
1187 2464 1432 2530 coniunctiones

204 2573 279 2656 sint,
312 2591 409 2637 unam
440 2591 508 2637 rem
536 2573 763 2657 exprimentur,
796 2574 838 2637 ad
871 2591 942 2636 eum
975 2571 1119 2637 ordinem
1152 2571 1316 2636 referendi
1344 2580 1433 2660 sunt,

206 2698 300 2760 quem
323 2698 397 2761 pag.
413 2680 463 2763 69,
488 2679 562 2765 §11
589 2680 829 2762 explicabimus,
852 2678 965 2759 itaque
989 2698 1053 2744 non
1077 2685 1213 2759 possunt
1235 2687 1432 2762 argumento

206 2805 275 2851 esse
313 2788 403 2872 ἥλιος
442 2807 507 2852 1ο1
544 2806 682 2866 aequum
720 2804 789 2851 esse
827 2790 927 2865 atque
953 2783 970 2852 ὁ
994 2786 1092 2870 Ιἥλιος.

296 2893 493 2961 θάλαττα
517 2913 616 2974 saepe
640 2894 779 2960 articulo
804 2897 896 2956 caret
919 2891 953 2957 in
968 2893 1211 2960 coordinatione
1234 2894 1430 2974 praesertim

206 3019 274 3065 cum
301 3005 353 3085 γῆ,
383 2999 421 3066 cf.
445 3019 475 3080 p.
499 3000 612 3084 6410,
636 2997 867 3080 praeteream

950 3122 987 3199 νὴ
1011 3123 1060 3185 Δί’
1083 3125 1235 3204 εὐδαίμων
1259 3126 1305 3209 ἄρ’
1330 3123 1368 3201 ἦν

486 3228 564 3314 ἀνὴρ
586 3231 682 3313 χέρων
704 3235 812 3312 ψυχρᾷ
833 3225 973 3314 θαλάττῃ
996 3225 1147 3310 λούμενος.
1224 3234 1266 3297 Π.
1290 3233 1433 3317 657-8,

207 3360 242 3420 ei
265 3357 316 3418 ἐπὶ
338 3351 506 3418 θάλατταν.
554 3357 597 3416 Π.
621 3354 694 3420 656.

297 3496 359 3566 θεά
386 3499 561 3565 articulum
584 3499 685 3563 habet
712 3498 745 3565 in
783 3504 824 3588 τῇ
846 3507 907 3592 deci
931 3511 1022 3570 Δαιτ.
1036 3507 1106 3568 ΧΠ
1127 3506 1178 3589 (τὴ
1198 3503 1266 3591 deu}
1290 3502 1432 3569 Cobetns

207 3607 284 3672 Var.
308 3605 399 3671 Lect.
424 3608 485 3689 26,
508 3605 684 3670 Elmsleius
708 3609 751 3672 ad
764 3609 810 3673 A.
827 3611 900 3694 724,
924 3609 1130 3694 Dinon-nus),
1154 3610 1295 3675 articulo
1320 3616 1432 3676 autem

207 3717 299 3779 caret
322 3712 366 3779 A.
382 3713 470 3781 1290
493 3714 587 3796 (lyr),
615 3712 650 3777 Θ.
673 3713 926 3796 neomaenia
950 3735 990 3779 ex
1010 3715 1177 3795 Euripidis
1190 3716 1432 3801 Andromeda),

207 3822 245 3887 Β.
268 3819 343 3903 445,
368 3825 542 3900 praeterea
574 3818 735 3886 infinitum
759 3828 823 3903 est3
856 3823 888 3888 in
913 3823 1004 3887 duali
1035 3841 1167 3887 numero
1192 3825 1232 3888 de
1256 3823 1372 3887 Cerere
1397 3830 1433 3888 et

207 3927 414 4007 Persephone
439 3926 526 3991 dicto
551 3936 622 3994 τοῖν
644 3936 738 3995 θεοῖν
763 3928 923 4014 (conotus,
948 3930 1025 3993 Ver.
1049 3929 1140 3994 Lect.
1166 3931 1217 4012 70,
1240 3930 1431 4013 Meinekius,

207 4033 402 4117 Dindorfius,
426 4032 620 4113 Blaydesius
643 4055 702 4116 pro
729 4046 800 4104 νοεῖν
822 4046 917 4104 θεαῖν
941 4037 974 4101 in
993 4037 1067 4100 Mss.
1080 4031 1106 4120 ²)
1133 4036 1169 4101 0.
1194 4037 1265 4120 285,
1289 4037 1432 4103 articulo

208 4146 318 4206 autem
341 4146 433 4205 caret
458 4148 553 4207 θεοῖν
577 4141 668 4224 (item
691 4163 751 4222 pro
776 4152 872 4211 θεαῖν
894 4144 928 4208 in
951 4143 1038 4223 Mes.)
1065 4142 1100 4207 Θ.
1125 4146 1198 4228 948,
1224 4145 1316 4211 1151.

209 4269 506 4387 mumma.

280 4406 548 4477 mmmmm
