3112 4972
750 240 793 305 56

417 434 489 508 τούς
511 437 544 499 δὲ
568 437 689 511 ξενίζειν
713 435 862 497 οὐδέποτέ
882 434 985 517 γ’ἴσχει
1007 444 1092 517 θύρα
1239 437 1285 498 Α.
1311 438 1385 519 127,

951 537 1071 603 ὸκύων
1095 543 1143 603 ὁδί

418 651 516 733 ὥσπερ
540 646 641 733 θύρας
664 657 721 713 σοῦ
743 656 804 710 τῶν
823 650 930 732 λογίων
952 650 1123 733 παρεσθίει.
1172 653 1199 711 Ι.
1223 650 1385 733 1025-6,

162 765 196 824 et
221 778 291 824 oum
314 757 588 839 prepositionibus
613 757 818 823 coniunctum
840 755 874 822 in

479 866 526 934 τίς
548 862 595 924 ἐπ’
619 864 767 925 αὐλείοισι
789 858 902 946 θύραις
924 857 1054 938 θάσσει;
1119 931 1124 943 ¹
1230 866 1265 929 Σ.
1290 866 1387 947 1482,

162 973 195 1034 ἐν
220 966 303 1054 θύρᾳ
330 975 365 1036 Σ.
390 975 441 1055 98,
475 972 526 1033 ἐπί
550 966 696 1053 θύραισιν
728 971 780 1031 Εκ.
808 972 881 1054 997,
919 970 953 1032 ἐν
976 967 1051 1040 Διὸς
1074 964 1221 1054 θύραισιν
1246 970 1286 1032 Ε.
1312 973 1386 1054 179,

161 1075 219 1160 πρὸ
243 1085 350 1161 θυρῶν
369 1082 405 1144 Σ.
430 1079 503 1162 273,
526 1080 584 1142 Sed
606 1076 664 1161 πρὸ
687 1085 749 1139 τῶν
772 1084 879 1160 θνριδν
902 1079 947 1143 Α.
972 1080 1045 1162 989,
1073 1081 1109 1143 Σ.
1134 1079 1207 1163 804,
1240 1076 1300 1138 ἀπὸ
1323 1085 1387 1138 τῶν

162 1191 269 1268 θορών
291 1188 337 1251 A.
361 1186 434 1269 864,
472 1185 522 1246 ἐπὶ
552 1184 620 1255 ταῖς
651 1180 765 1267 θύραις
799 1184 855 1250 En.
880 1184 955 1268 865,
983 1187 1079 1269 1114,
1113 1190 1183 1269 ete,
1211 1191 1387 1266 praeterea

161 1311 289 1373 semper
320 1294 407 1373 apud
435 1291 687 1373 Aristophanem
720 1310 791 1356 eum
823 1290 971 1356 ortieulo.
1031 1291 1248 1358 Accusativus
1281 1286 1387 1374 θύραν

162 1399 302 1482 triginta
343 1404 500 1479 quattuor
545 1399 633 1483 loeis,
677 1400 723 1462 A.
756 1399 830 1480 403,
873 1398 946 1480 866,
990 1398 1085 1482 1189,
1135 1401 1174 1464 N.
1210 1399 1281 1482 132,
1314 1403 1387 1482 ete,

162 1505 337 1571 articulum
360 1507 460 1571 habet
484 1511 518 1570 et
541 1506 610 1570 sine
634 1504 774 1570 articulo
798 1504 905 1569 estin

250 1613 349 1683 οὐδείς
362 1610 419 1696 γὰρ
434 1613 560 1695 ἐνδε’χετ’
578 1608 769 1692 οὐδὀίνεῴγει
783 1635 835 1690 μοι
851 1607 960 1694 θύραν.
984 1613 1317 1696 ΡΙιθΓθοΙ’8λθε,Κραπ.
1329 1613 1386 1678 VI.

252 1720 407 1802 καρδία
439 1739 566 1801 semper
596 1719 666 1785 fere
702 1719 877 1785 articulum
909 1719 943 1785 vi
979 1719 1175 1800 pronominis
1212 1720 1388 1800 possessivi

161 1829 269 1911 habet,
293 1833 331 1892 ut

420 1935 492 2010 ἀλλ’,
517 1930 542 1994 ὦ
564 1936 719 2007 Καλονίκη
743 1929 856 2013 κάομαι
878 1932 934 2008 τὴν
957 1934 1085 2017 καρδίαν
1286 1935 1331 1994 Λ.
1356 1937 1387 2010 8,

162 2066 197 2124 et
219 2062 257 2123 Ν.
283 2061 334 2141 86,
358 2062 393 2124 Σ.
418 2059 559 2143 374-5,
583 2061 620 2124 Β.
645 2061 696 2143 54,
720 2061 795 2137 484,
819 2061 872 2124 vel
898 2078 969 2124 eum
992 2058 1180 2140 pronomine
1204 2059 1388 2139 possessivo

162 2165 367 2231 coniunctum
403 2164 438 2231 in
469 2168 513 2231 A.
540 2168 567 2249 1,
602 2166 652 2242 12,
684 2168 722 2230 N.
748 2166 842 2249 1368,
875 2167 912 2231 Β.
936 2166 1011 2231 481.
1070 2164 1239 2230 Artionlns
1276 2171 1388 2232 eutem

162 2273 326 2338 omittitur
348 2273 383 2337 in
1338 2256 1340 2260 ⁴

418 2376 579 2460 τόλμησον,
603 2380 660 2456 ἴθι,
684 2375 831 2461 χώρησον,
857 2380 971 2458 ἄγαμαι
994 2379 1130 2464 καρδίας.
1251 2382 1297 2442 Α.
1321 2382 1389 2448 489

162 2488 310 2568 (perodio
342 2507 383 2553 ex
406 2488 539 2572 Eurip.),
572 2482 683 2572 ἑκούσῃ
706 2487 816 2569 καρδίᾳ
847 2489 872 2551 I.
898 2487 984 2552 1266
1012 2488 1108 2570 (ehor.
1138 2494 1180 2553 et.
1210 2490 1322 2568 porod.
1348 2508 1389 2554 ex

162 2593 293 2661 Pinder.
317 2594 416 2677 Freg.
436 2594 515 2680 59),
544 2601 584 2660 'et
606 2596 707 2660 semel
731 2592 786 2657 nbi
819 2593 938 2659 nomini
966 2613 1142 2674 pronomen
1169 2595 1390 2675 possessivum

162 2701 309 2766 additum
333 2706 401 2766 est:

443 2807 505 2869 ἀλλ’
530 2809 630 2890 ὥσπερ
654 2803 787 2868 αἰκάλλει
810 2832 841 2867 τι
863 2808 992 2890 καρδίαν
1015 2803 1092 2887 ἐμήν
1251 2809 1289 2870 Θ.
1314 2811 1390 2876 869.

251 2916 291 2980 In
314 2913 418 2998 lyrioo

557 3019 700 3103 ἔστιγὰρ
724 3020 849 3103 δένδρον
872 3019 1006 3101 πεφυκὸς

557 3123 683 3188 ἔκτοπόν
708 3153 745 3211 τι,
769 3129 896 3211 καρδίας
919 3130 950 3189 οὶ-

557 3234 692 3318 omnipo,
716 3230 907 3315 Κλεώνυμος.
1173 3237 1209 3300 O.
1234 3237 1391 3302 1473-f)

163 3360 290 3442 καρδίας
312 3378 429 3426 nomen
453 3361 656 3426 abstractum
680 3364 731 3425 esi
755 3365 789 3424 et
812 3360 1037 3427 fortitudinem
1060 3359 1232 3443 signifieat.

252 3466 446 3556 κεφαλή,
477 3467 621 3549 exeeptis

399 3593 482 3667 ξένος
504 3617 550 3665 τις
574 3596 675 3677 ἕτερος
697 3590 773 3677 πρὸς
795 3598 928 3673 κεφαλῆς
951 3594 1137 3676 Ἀκέστορος.
1241 3596 1276 3658 Σ,
1302 3595 1387 3659 1221

164 3727 199 3786 et
221 3720 255 3786 in
279 3719 442 3800 colloquio

375 3821 649 3909 πολυπραγμοσύνη
674 3851 729 3888 νον
753 3828 785 3897 ἐς
808 3822 943 3906 κεφαλήν
965 3826 1177 3909 τρέποιτ’ἐμοί,
1245 3829 1290 3892 Λ.
1314 3828 1390 3912 833,

56 3954 61 3959 ”
167 3955 198 4030 ἐς
221 3950 366 4036 κεφαλήν
389 3954 441 4018 σοί
467 3959 502 4016 Ε.
529 3954 623 4036 11163,
656 3955 698 4018 Π.
732 3953 806 4036 526,
849 3971 975 4032 semper
1017 3951 1190 4017 articulum
1222 3953 1323 4018 hebet
1356 3953 1391 4017 vi

164 4058 362 4141 pronominis
385 4059 568 4144 possessivi,
592 4059 619 4124 si
642 4060 778 4125 hominis
802 4066 902 4141 eaput
925 4059 1098 4142 signifieat.

255 4164 403 4252 μήτηρ
444 4165 513 4232 sine
551 4167 691 4233 articulo
729 4173 780 4232 esi
815 4167 848 4232 in
886 4167 990 4249 lyrico
1028 4167 1141 4232 ἕπεσθε
1164 4169 1261 4251 μητρὶ
1284 4175 1389 4251 χοῖροι

166 4277 207 4340 Π,
232 4274 297 4341 308
321 4279 356 4338 et
379 4275 457 4355 315,
480 4273 704 4354 praedicatum
728 4281 779 4339 est
801 4274 835 4340 in
863 4273 899 4338 Θ.
923 4274 997 4357 642,
1021 4272 1076 4338 Εκ.
1103 4275 1204 4355 1640,
1228 4273 1390 4340 infinitum

164 4381 427 4448 ostionem.
