3156 4966
741 221 761 284 9

675 309 834 317 ——-——-

142 414 312 480 florebant.
367 414 485 495 Itaque
520 432 590 478 cum
623 415 783 479 articulus
810 420 863 479 tot
882 412 990 479 varios
1014 414 1137 495 gradus
1160 411 1367 494 percurisset,

141 521 212 588 fieri
243 541 309 589 non
341 526 461 604 potest,
493 526 532 584 ut
560 526 672 585 certae
700 522 791 602 leges
814 519 960 602 intelligi
983 518 1118 602 possint,
1143 519 1258 599 quibus
1282 518 1368 584 omni

143 647 181 694 eo
203 631 350 709 tempore
373 626 535 692 articulus
559 627 725 692 adhibitus
744 625 824 706 sit.¹)
861 628 914 692 Ad
933 646 1029 707 quam
1044 645 1112 691 rem
1127 628 1367 708 explanandam

143 754 212 800 cum
244 733 413 815 antiquam
447 733 643 799 comoediam
676 740 745 798 tum
769 733 998 815 Aristophanis
1027 733 1183 816 percurri,
1215 739 1253 797 ut
1276 750 1366 797 usum

142 841 274 907 articuli
296 842 331 906 in
354 840 400 906 eis
424 859 628 925 exponerem.

230 950 279 1014 Ac
302 947 440 1029 primum
465 947 593 1028 quidem
617 966 689 1013 eum
713 948 896 1031 articulum,
921 948 977 1027 qui
995 953 1167 1028 separatus
1185 947 1220 1011 vi
1239 949 1367 1011 demon-

142 1056 285 1121 strativa
318 1060 377 1120 aut
409 1055 554 1120 relativa
587 1055 754 1119 adhibitus
782 1061 846 1138 est,
879 1060 947 1119 tum
971 1073 1043 1118 eum
1067 1073 1137 1119 cum
1160 1052 1235 1118 aliis
1259 1052 1380 1151 verbis*

143 1161 349 1228 coniunctum
372 1161 601 1241 explicandum
625 1162 749 1244 putavi.

649 1431 729 1438 .---
737 1431 860 1437 .-w-...-

649 1671 782 1750 caput
809 1671 861 1737 Π.

217 1821 298 1911 De
332 1819 556 1910 articulo
587 1819 848 1932 separato
886 1820 937 1909 vi
967 1817 1296 1930 pronominis

411 1944 818 2034 demonstralivi
848 1942 1099 2034 adhibilo.

639 2107 661 2188 ἕ
686 2105 716 2173 1.
741 2104 878 2172 Forma.

233 2249 400 2314 Articulus
425 2250 702 2315 demonstrativus
725 2249 861 2316 formam
883 2251 985 2315 habet
1002 2250 1036 2314 in
1051 2249 1222 2314 comoediis
1237 2249 1370 2314 articuli

143 2357 258 2439 Attici,
291 2375 485 2437 quamquam
517 2357 551 2422 in
574 2357 740 2423 nonnullis
763 2358 960 2425 editionibus
984 2375 1081 2438 saepe
1104 2375 1164 2436 pro
1190 2357 1249 2439 ὅδε,
1283 2359 1368 2435 quod

143 2468 250 2529 estin
273 2463 512 2547 manuscriptis,
536 2467 552 2522 ὁ
576 2465 610 2525 δὲ
633 2463 809 2530 invenitur.
856 2465 904 2530 Ut
927 2465 961 2543 in
984 2463 1145 2529 Dindorfii
1168 2463 1369 2542 aliorumque

142 2570 339 2636 editionibus
361 2570 385 2635 I.
409 2571 539 2636 fido-7

50 2669 53 2677 ’
325 2685 354 2738 οἱ
375 2672 581 2758 δ’ἕθορύβοον
603 2680 673 2759 περὶ
696 2685 757 2737 τῶν
782 2673 889 2757 ἀφύων
914 2672 1079 2750 ἑστηκότες·

327 2788 342 2843 ὁ
365 2779 550 2863 δ’ήντεβόλει
572 2782 713 2863 νἀύτοῦς
737 2786 837 2863 ὀλίγον
860 2784 961 2862 μεῖναι
983 2778 1101 2866 χρόνον,
1125 2791 1187 2845 κτλ.

144 2897 171 2950 οἱ
185 2895 220 2954 et
235 2894 251 2949 ὁ
266 2885 557 2956 demonstrativum
576 2891 751 2956 articulum
770 2891 903 2974 habent,
928 2909 999 2956 cum
1022 2892 1245 2973 manuscripta
1267 2891 1369 2956 Asse

142 2995 263 3064 formas
285 2997 483 3077 pronominis
507 2999 564 3058 οἵδ’
588 3005 623 3063 et
647 2998 691 3058 ὅδ’
717 2999 869 3064 habeant.
914 2998 961 3062 Et
984 2998 1033 3063 ita
1056 2999 1090 3064 in
1114 3001 1151 3064 A.
1178 3001 1239 3066 186

357 3112 385 3165 οἱ
407 3102 490 3165 ὃόὖν
513 3101 668 3183 βοώντων·
694 3104 769 3167 etad
791 3103 847 3175 τοὶς
871 3104 1004 3176 σπονδὰς
1027 3106 1142 3187 φέροις’,

143 3217 172 3269 οἱ
193 3206 277 3271 δὀὗν
300 3230 359 3291 pro
384 3208 497 3272 οἵδόὗν
521 3213 554 3277 in
577 3213 635 3279 Ms.
659 3215 697 3278 A.
743 3215 791 3278 Et
814 3219 930 3278 contra
953 3213 987 3277 in
1010 3214 1048 3278 A.
1073 3215 1137 3278 283

209 3318 298 3378 randi
321 3319 356 3379 δὲ
377 3315 433 3389 τοὶς
456 3318 612 3404 Εὐριπίδῃ
636 3321 723 3391 θεοῖς·
745 3344 778 3382 τε
801 3327 894 3381 πᾶσιν
918 3315 1031 3403 ἐχθρὰς
1055 3316 1110 3406 [sc.
1133 3315 1302 3406 ponciaco]

143 3443 319 3504 pronomen
342 3426 432 3486 τασδὶ
456 3430 542 3507 quod
566 3434 617 3492 est
639 3427 674 3493 in
697 3427 904 3511 editionibus,
928 3447 988 3507 pro
1012 3427 1152 3492 articulo
1176 3425 1231 3496 τὰς·
1255 3423 1311 3514 [dl]
1335 3427 1369 3492 in

143 3531 218 3596 Mss.
242 3532 322 3615 NR,
344 3533 401 3598 ubi
422 3534 512 3595 τασδὶ
535 3534 656 3599 rectius
680 3534 749 3599 sine
774 3535 870 3600 dubio
893 3535 1034 3617 videtur,
1059 3537 1146 3614 quod
1169 3532 1284 3616 ἐχθρὰς
1306 3535 1370 3600 iam

144 3637 319 3703 articulum
350 3641 453 3705 habet
486 3646 520 3705 et
552 3644 639 3720 quod
662 3642 706 3701 -dl
727 3660 792 3706 non
816 3643 902 3706 solet
926 3642 1081 3722 separari.
1104 3702 1108 3710 ,
1128 3642 1242 3721 Neque
1265 3643 1370 3707 minus

144 3742 263 3809 falsum
287 3745 420 3811 videtur
443 3766 502 3827 pro
526 3749 648 3822 τηνδεδὶ
670 3748 705 3813 in
729 3748 765 3813 Ο.
791 3750 832 3815 18
855 3746 912 3822 τὴν
935 3749 969 3809 dl
992 3749 1023 3809 dl
1044 3749 1078 3813 in
1102 3749 1176 3814 Mss.
1201 3749 1280 3814 RV.

216 3939 236 4007 1)
256 3937 318 4003 Qua
345 3956 376 3993 ex
403 3957 454 3993 usu
474 3940 631 3996 differentia
648 3940 722 3995 inter
740 3941 852 4009 antiqui
870 3941 1001 4011 temporis
1020 3941 1216 4012 grammaticos
1235 3945 1263 3996 et
1281 3942 1370 4012 philo·

144 4027 248 4097 sophos
268 4026 413 4083 convenire
431 4046 487 4083 non
505 4029 599 4099 potnit
618 4031 652 4084 de
671 4029 790 4084 articulo
809 4030 996 4088 describendo.
1042 4029 1130 4084 Erant
1156 4031 1206 4099 qui
1234 4049 1296 4085 eum
1319 4048 1370 4101 pro

144 4115 264 4182 nomine,
294 4120 373 4171 erant
401 4118 450 4185 qui
478 4135 541 4172 eum
569 4118 654 4172 aliam
672 4122 783 4190 partem
801 4119 914 4190 linguae
931 4122 1064 4190 putarent
1082 4137 1140 4175 esse
1159 4123 1187 4174 et
1204 4120 1370 4190 Apollonius

146 4204 196 4270 (Cf.
216 4204 396 4260 Sehoemann.
425 4174 554 4262 Animad.
575 4208 611 4261 ad
630 4211 683 4265 vet
700 4225 786 4278 gram
798 4206 870 4262 doct.
883 4208 978 4264 deart
998 4209 1064 4279 Cap.
1075 4214 1109 4276 ΙΙ,
1129 4212 1203 4280 p..4)
1222 4213 1370 4277 utramque

144 4292 201 4347 vim
229 4293 260 4348 in
289 4295 408 4350 articulo
437 4313 495 4350 esse
524 4295 637 4362 censuit,
667 4314 729 4350 eum
755 4296 904 4350 articulum
933 4297 1019 4351 alium
1040 4316 1096 4352 esse
1115 4303 1200 4366 atque
1219 4315 1370 4368 pronomen

144 4388 264 4453 putaret.
