3156 4966
709 261 867 358 ,99

262 452 401 520 Etiamsi
425 474 489 520 non
514 456 708 536 exprimitur
731 458 875 538 verbum,
889 454 912 533 ¹)
941 462 1051 520 tamen
1075 454 1234 520 articulus
1258 453 1400 519 nomina-

167 561 244 627 tivo
268 563 402 626 additur
426 563 460 627 in

357 674 373 728 ό
396 670 600 748 θεσμοθέτης,
624 670 691 731 ποῦ’
716 675 768 733 σθ’
791 666 893 750 οὗτος
918 669 1012 748 ἀμίδα
1035 692 1087 747 μοι
1111 663 1198 733 δότω.
1267 669 1303 735 Σ.
1328 670 1401 734 935.

170 775 331 858 (Cobetus
355 782 389 839 et
412 777 574 859 Bergkius
598 779 646 843 ed.
670 777 717 859 ΙΙ,
741 778 826 841 hano
848 775 1145 857 interpunctionem
1168 775 1379 855 praeferunt:

355 887 371 942 ὁ
395 884 590 960 θεσμοθέτης
612 879 738 963 ποόσθ’;
763 880 861 959 οὗτος,
886 885 981 962 ἀμίδα
1004 906 1057 962 μοι
1079 877 1191 966 δότω).

358 994 373 1046 ό
400 987 548 1065 Ξανθίας,
573 996 633 1050 ποῦ
658 988 816 1071 Ξανθίας;
839 997 901 1052 ποῦ
926 986 1085 1064 Ξανθίας,
1266 990 1304 1050 Β.
1327 990 1402 1054 271.

172 1101 190 1153 ό
220 1090 391 1174 Τριβαλλός
417 1096 451 1160 O.
479 1097 573 1161 1628.
620 1101 636 1156 ὁ
659 1097 731 1167 παῖς
755 1099 793 1159 Β.
817 1099 868 1163 40.
916 1105 944 1158 οἱ
966 1092 1096 1170 τοξόται.
1120 1099 1165 1160 Α.
1190 1096 1241 1160 54.

357 1207 428 1263 παῦ’
453 1204 485 1263 ἐν
508 1198 646 1283 κόρακας,
671 1213 699 1264 οἱ
723 1211 837 1284 σφῆκες
860 1206 916 1266 οὐκ
940 1201 1000 1264 ἀπό
1024 1210 1085 1264 τῶν
1109 1209 1235 1283 θορών,
1267 1205 1312 1267 A.
1328 1203 1401 1267 864.
1453 1205 1455 1212 ’

264 1327 312 1391 Et
335 1327 495 1393 articulus
519 1335 553 1393 et
577 1325 603 1388 oi
624 1329 823 1396 adhibentur
845 1330 879 1395 iu

243 1429 268 1493 ὦ
290 1435 342 1494 ταὶ
365 1437 489 1519 λιπαραῖ
512 1438 563 1497 κατ’
587 1436 764 1516 ἰοστέφανοι
787 1441 837 1498 καὶ
861 1433 1039 1520 ἀριζήλωτοι
1058 1437 1198 1511 Ἀθῆναι,

243 1541 359 1613 δείξατε
382 1539 436 1602 τδν
460 1549 513 1615 τῆς
533 1537 677 1613 Ἑλλάδος
700 1543 772 1622 ἡμῖν
796 1547 846 1606 καί
869 1551 924 1619 τῆς
946 1551 1000 1624 γῆς
1021 1545 1113 1619 τῆσδε
1137 1538 1301 1625 μόναρχον.

1170 1655 1195 1715 Ι.
1221 1649 1404 1731 1329-30,

173 1773 261 1832 quiae
284 1756 422 1835 parodia
445 1763 496 1822 est
520 1777 560 1822 ex
584 1758 735 1841 Pindaro,
759 1757 858 1841 Frag.
883 1760 934 1823 47.

178 1968 202 2048 s
228 1966 279 2034 ll.
326 1967 376 2034 llo
400 1969 545 2035 articuli
575 1969 612 2034 in
636 1968 772 2036 duobus
795 1970 998 2058 nominibus
1021 1987 1103 2055 usn,
1131 1987 1219 2052 quaa
1242 1969 1338 2034 inter
1366 1984 1403 2033 se

351 2076 539 2142 coniuncta
561 2077 656 2158 sunt,
679 2077 720 2142 ut
743 2095 849 2143 unam
872 2095 949 2144 rom
973 2076 1231 2164 exprimerent.

269 2219 303 2283 Si
337 2221 399 2285 duo
432 2221 574 2303 nomina,
608 2242 743 2303 quorum
776 2225 916 2289 alterum
949 2222 1122 2306 genetivus
1155 2226 1214 2304 est,
1250 2220 1338 2285 inter
1370 2238 1404 2282 se
1464 2285 1466 2288 .

178 2324 352 2391 coniuncta
376 2336 461 2411 sunt,
485 2335 523 2394 ut
546 2348 642 2395 unam
666 2349 734 2395 rem
758 2330 987 2413 exprimerent,
1011 2327 1170 2395 articulus
1193 2328 1226 2392 in
1242 2325 1405 2395 comoedia

180 2451 308 2513 semper
352 2434 421 2500 fere
467 2442 526 2501 aut
571 2437 718 2518 utrisque
764 2436 944 2503 nominibus
989 2435 1131 2519 additur,
1177 2439 1237 2500 aut
1278 2432 1405 2499 omnino
1484 2429 1486 2434 ’

180 2539 352 2606 omittitur.
364 2538 389 2625 ²)
848 2531 850 2538 ’

272 2647 309 2713 Α.
355 2648 524 2714 Articulus
547 2651 695 2729 utrisque
723 2651 903 2716 nominibus
927 2650 1060 2715 additur
1070 2649 1095 2734 ³)
1127 2649 1161 2715 in
1193 2648 1258 2718 τοῖς
1278 2647 1408 2733 Ιχοροῖσι
1441 2699 1445 2706 ,

180 2760 243 2814 τῶν
269 2757 432 2837 τραγῳδῶν
462 2759 496 2823 O.
522 2760 594 2824 787.
641 2755 697 2828 τήν
721 2758 833 2837 ἴκμαδα
857 2765 911 2832 τῆς
934 2758 1105 2840 φροντίδος.
1153 2760 1192 2817 Ν.
1216 2756 1289 2821 233.
1335 2750 1407 2822 τθός

179 2863 293 2943 ὄνυχας
315 2870 377 2923 τῶν
400 2861 556 2926 δακτόλων
577 2866 611 2930 O.
636 2867 664 2929 8.

256 3075 276 3144 ¹)
295 3075 425 3146 Kruoger‚
446 3075 490 3130 Gr.
511 3075 633 3145 Sprachl.
653 3077 695 3131 45.
716 3077 740 3130 2.
760 3080 784 3131 6.

255 3163 276 3233 ²)
296 3166 339 3219 lta
357 3163 522 3233 Apollonius
540 3164 686 3233 Dyscolus:
715 3167 769 3216 Σὺν
797 3163 870 3218 δυσὶν
889 3162 998 3236 ἄρθροις
1018 3164 1118 3234 λέγεται
1147 3164 1174 3214 ἐν
1200 3161 1405 3233 προσηγορικοῖς,

180 3250 282 3317 καθ’ἥν
313 3255 540 3323 προεκτεθείμεθα
577 3253 705 3316 σύνταξιν,
743 3257 780 3307 τό
813 3255 874 3322 τῆς
911 3252 1053 3323 ε’λάφου
1091 3252 1265 3322 ἔκγονον,
1304 3249 1408 3303 broi

182 3343 388 3411 dudeciaco
417 3337 501 3396 υἱός.
539 3343 605 3410 μετὰ
633 3341 661 3395 δὲ
688 3345 783 3415 κυρίων
810 3341 838 3395 οὗ
867 3343 944 3394 λυπεῖ
967 3341 1017 3394 κάν
1044 3349 1120 3413 χωρὶς
1147 3341 1192 3393 τοῦ
1213 3335 1278 3392 ἰδίου
1297 3338 1406 3410 ἄρθρου,
1453 3343 1458 3350 ”

183 3432 198 3482 ό
225 3429 471 3502 Ἀριστάρχου
500 3434 707 3502 γνώριμος,
736 3434 750 3484 ό
776 3431 1026 3485 Ἀπολλωνίου
1055 3430 1181 3499 φίλος,
1213 3435 1257 3481 καὶ
1284 3429 1411 3485 κατὰτὸ
1438 3485 1439 3488 ,
1497 3461 1499 3465 «

182 3521 299 3573 τοιοῦτον
326 3523 413 3592 κυρίου
441 3521 569 3584 σύνταξιν,
599 3520 757 3592 ἀποφέρεται
783 3522 813 3573 τό
840 3520 966 3589 βασιλεὺς·
992 3520 1079 3590 φαμὲν
1101 3521 1153 3590 γὰρ
1180 3519 1194 3571 ό
1222 3517 1409 3588 βασιλέως

183 3605 337 3675 οἰκέτης
369 3612 617 3681 παρέγενετο,
654 3612 706 3663 τῶν
743 3609 830 3664 ἀλλων
866 3611 1062 3681 προσηγορικῶν
1099 3605 1287 3680 ἀπαραδέκτων
1318 3605 1421 3672 ὄντων.

183 3707 228 3752 καὶ
247 3701 285 3767 μή
298 3720 361 3752 ποτε
374 3701 483 3769 εὐλόγοις
496 3701 530 3752 τὰ
542 3701 717 3771 προσηγορικὰ
733 3698 779 3752 δόο
793 3698 884 3770 ἄρθρα
899 3694 972 3751 αἰτεῖ.
988 3700 1017 3751 οὐ
1030 3700 1081 3769 γὰρ
1095 3696 1213 3751 ἕνδεκτον
1228 3697 1409 3768 ἀναφέρεσθαι

184 3791 270 3859 κτῆμά
288 3810 357 3846 τινος
373 3793 418 3843 τοῦ
436 3791 558 3862 κτητορος
568 3791 605 3859 μη
619 3789 675 3856 οὐχὶ
688 3790 944 3860 προαναφερομὲνου·
964 3786 981 3856 ἢ
994 3790 1044 3859 γὰρ
1058 3787 1194 3858 ἀμφότερα
1208 3791 1285 3857 χωρὶς
1298 3783 1408 3856 ἄρθρον,

184 3880 341 3935 λέοντος
370 3881 554 3948 σκυμνλσν
582 3876 764 3948 ἔδραμεν,
793 3877 810 3944 ἡ
834 3878 970 3949 ἀμφότερα
994 3878 1251 3944 σννανενεγθησεται,
1280 3876 1318 3928 τό
1346 3874 1409 3926 τοῦ

185 3970 339 4025 λέοντος
367 3974 551 4037 οκυμνιόν
584 3966 732 4038 ἔδραμε,
771 3968 803 4019 τὰ
830 3968 919 4035 μέντοι
950 3968 1027 4039 κόρια
1059 3965 1104 4020 διὰ
1133 3967 1180 4033 τῆς
1212 3960 1280 4020 ἰδίας
1311 3965 1409 4019 θέσεως

185 4059 386 4127 ἀναπολοόμενα
404 4059 449 4126 οὐχ
468 4053 533 4112 otico
551 4057 702 4130 προοδέεται
720 4059 766 4110 τοῦ
784 4056 887 4128 ἄρθρον
905 4088 939 4098 -
959 4061 1026 4128 Περὶ
1045 4076 1113 4110 συντ.
1133 4059 1153 4112 l.
1173 4057 1216 4110 42.

258 4148 360 4217 ³)Je1f.
391 4148 435 4203 Gr.
465 4149 509 4202 Gr.
539 4151 635 4217 5461.
673 4147 743 4201 Note
772 4150 796 4202 1.
840 4147 915 4216 „The
943 4146 1108 4201 attributive
1128 4143 1256 4200 Genitive
1283 4143 1334 4196 has
1362 4141 1410 4195 the

186 4238 292 4293 Article
319 4237 399 4292 when
426 4239 473 4292 the
492 4237 664 4292 substantive
692 4237 723 4291 of
738 4236 829 4290 which
857 4236 881 4290 is
898 4237 946 4291 the
964 4234 1137 4290 Attributivo
1155 4233 1205 4286 has
1224 4231 1272 4286 it.’'
1292 4249 1348 4286 non
1378 4233 1410 4284 ut

188 4328 348 4382 Kuehnerus
367 4330 445 4396 (nota
463 4327 498 4381 ad
513 4327 580 4381 Xon.
596 4325 698 4381 Oomm.
719 4327 737 4378 l.
753 4324 798 4378 lV.
817 4327 860 4395 12)
879 4324 982 4394 scribit,
1002 4324 1091 4394 „Raro
1105 4321 1217 4390 utrique
1236 4318 1410 4374 substantivo

188 4416 301 4470 additur
319 4415 478 4472 articulus.’'
