3156 4966
754 221 913 320 —mm

680 415 756 497 52.
803 412 986 480 docentus.

313 556 489 622 Eustathio
514 562 647 622 auctore
662 554 684 638 ¹)
716 557 848 637 plurimi
880 557 1084 639 grammatici
1116 564 1150 622 et
1174 562 1445 624 commentatores

224 669 356 729 nostrae
380 663 499 728 aetatis
522 665 629 745 legem
654 662 801 729 Graecae
824 664 958 746 linguae
978 683 1048 729 esse
1071 665 1271 748 confirmant,
1299 669 1338 729 ut
1353 682 1446 728 casus

224 770 445 836 nominativus
477 769 610 835 articuli
634 774 659 846 1,
693 775 721 846 ἡ,
755 778 791 846 οἱ,
820 778 859 846 αἱ,
883 770 912 834 11
934 772 1226 852 demonstrativam
1248 770 1314 837 vim
1336 770 1447 852 habet,

224 884 362 942 accentu
398 876 570 941 afficiatur.
629 877 684 941 lta
720 877 926 960 Kruegerus:
971 878 1201 961 „Sachgemass
1233 877 1277 942 ist
1309 896 1361 960 11,
1394 875 1448 941 die

224 983 363 1050 Formen
398 988 423 1059 ὁ,
456 988 485 1059 ἡ,
519 990 554 1059 οἱ,
589 991 620 1042 αι
651 1003 691 1048 zu
724 983 920 1066 oxytoniren
947 1004 1043 1050 wenn
1066 985 1113 1049 sie
1135 984 1169 1050 11
1192 983 1447 1065 pronominalem

226 1091 325 1156 Sinne
361 1092 485 1156 steheu.
544 1091 663 1156 Doch
699 1093 962 1156 unterlasst
999 1111 1090 1156 man
1123 1091 1216 1156 dies
1249 1091 1448 1173 gewdhn-

225 1197 343 1262 lich.“
355 1194 378 1278 ²)
411 1200 498 1277 quod
513 1198 611 1263 etiam
626 1198 757 1263 Reizius
764 1196 800 1283 ³),
815 1195 1097 1282 811111111114),
1111 1195 1282 1282 1111111115)
1297 1197 1447 1276 probant.

227 1303 324 1369 Certe
357 1310 465 1370 autem
499 1310 549 1368 est
582 1309 597 1364 1
630 1307 693 1383 μὲι,
728 1306 801 1366 ode*
829 1312 899 1389 111,
932 1305 959 1370 11
981 1324 1073 1369 usum
1096 1304 1292 1385 pronominis
1315 1304 1448 1385 habent,

226 1430 291 1476 non
323 1417 453 1477 tantam
483 1411 548 1477 vim
580 1412 714 1495 habere,
752 1418 791 1476 ut
822 1419 992 1477 accentum
1024 1414 1066 1477 ad
1098 1431 1133 1478 se
1165 1412 1268 1494 magis
1301 1411 1448 1490 arripere

226 1518 363 1602 possint,
388 1537 484 1597 quam
507 1518 535 1582 si
558 1519 717 1584 articulus
741 1526 863 1602 essent,
886 1520 1059 1584 maximum
1082 1525 1191 1583 autem
1214 1517 1331 1584 vitium
1353 1517 1448 1582 huius

226 1624 336 1689 iudicii
359 1635 513 1690 accentus
540 1626 681 1706 ponendi
708 1626 742 1690 in
774 1645 811 1692 eo
845 1632 904 1709 est,
937 1629 1024 1706 quod
1056 1626 1194 1692 arbitrio
1218 1623 1352 1690 editoris
1375 1642 1448 1704 per-

226 1731 422 1796 mittendum
459 1739 521 1814 est,
559 1739 597 1797 ut
634 1739 762 1798 tantum
800 1753 908 1798 casum
944 1732 1180 1798 nominativum
1211 1731 1382 1797 masculini
1415 1737 1449 1796 et

226 1838 371 1903 feminini
394 1839 532 1922 generis,
556 1843 581 1915 1,
606 1844 634 1915 ἡ,
658 1848 694 1917 οἱ,
710 1848 742 1900 αῖ
755 1840 950 1923 significant,
969 1839 1129 1905 articulus
1148 1840 1249 1904 sitan
1264 1857 1448 1921 pronomen,

227 1963 299 2009 cum
320 1944 355 2009 in
380 1947 506 2011 casibus
529 1946 669 2027 obliquis
693 1953 728 2012 et
750 1947 785 2012 in
807 1965 928 2030 genere
952 1952 1069 2012 neutro
1092 1944 1137 2022 τὸ,
1161 1944 1208 2022 τὰ,
1233 1945 1266 2009 id
1289 1945 1361 2010 fieri
1383 1964 1449 2010 111

227 2051 342 2133 possit,
379 2056 466 2132 quod
502 2060 672 2119 accentum
705 2053 918 2119 omittendum
950 2052 1050 2118 etiam
1081 2049 1326 2132 Buttmannusi)
1358 2057 1449 2116 recte

227 2158 394 2225 iudicavit.
460 2160 562 2242 Quam
599 2163 706 2244 legem
743 2160 807 2225 1111
844 2161 932 2227 docti
969 2163 1128 2243 probant,
1169 2166 1280 2224 tamen
1316 2156 1449 2238 plurimi

228 2265 372 2330 editores
395 2267 566 2332 maximam
589 2275 716 2347 partem
740 2286 779 2332 ea
802 2268 852 2333 usi
875 2288 939 2334 non
962 2274 1048 2351 sunt,
1078 2270 1165 2348 quod
1187 2269 1229 2331 ad
1253 2264 1450 2332 comoediam

228 2371 382 2456 attineat,
414 2393 488 2438 nam
520 2373 554 2438 in
577 2374 807 2454 Aristophanis
831 2375 1066 2440 comoediarum
1091 2374 1231 2439 omnium
1254 2371 1449 2438 editionibus

228 2477 264 2543 in
286 2479 442 2544 Meinekii
464 2478 564 2564 sola⁷)
579 2481 746 2565 articulus,
762 2482 789 2546 si
803 2482 870 2547 vim
885 2481 1176 2547 demonstrativam
1188 2481 1297 2563 habet,
1313 2484 1450 2544 accentu

229 2585 364 2651 affectus
388 2593 447 2669 111,
471 2594 506 2652 11
529 2589 580 2653 W.
605 2588 803 2654 Ribbeckius
826 2589 859 2654 in
887 2585 1213 2675 ι,1111111111111103
1245 2585 1388 2651 editione
1415 2592 1451 2649 et

300 2837 320 2905 1)
334 2831 392 2889 “’οτι
409 2838 443 2889 τὰ
459 2837 620 2906 πραεαιιτιιιὰ
637 2834 728 2908 ἄρθρα
742 2838 902 2908 στερηθέντα
918 2838 971 2890 τῶν
989 2836 1202 2905 ὑποτεταγμένων
1216 2831 1302 2888 αὐτοῖς
1315 2829 1452 2898 ὀνομάτων

230 2923 402 2997 σφοδρότερόν
427 2946 453 2978 τε
482 2924 658 2994 ἐκφωνοῦνται
684 2927 752 2978 κατὰ
777 2927 836 2982 τοὺς
862 2928 950 2982 τόνους
976 2932 1021 2978 καὶ
1048 2920 1083 2981 εἰς
1106 2923 1268 2990 ἀντωνυμίας
1285 2921 1450 2990 μετάγονται,

229 3011 286 3066 οἷον
313 3013 341 3066 ἐν
366 3016 410 3080 τῷ,
435 3016 449 3066 ὁ
471 3016 522 3086 γὰρ
544 3015 675 3068 Ἀπόλλων
697 3015 806 3084 βασιλῆϊ
822 3016 955 3083 χολωθεὶς,
976 3014 1022 3068 ἐὰν
1040 3014 1119 3087 islep
1136 3015 1166 3067 τό
1183 3011 1322 3073 Ἀπόλλων,
1341 3010 1371 3063 τὸ
1386 3018 1404 3063 ὀ
1422 3009 1453 3061 τὸ

229 3102 333 3175 ἄρθρον
360 3103 509 3172 ἀντωνυμία
531 3108 630 3172 γίνεται
658 3110 702 3157 καὶ
725 3103 937 3174 ἐξακουστότερον
961 3103 1119 3173 ἐκφωνεῖται,
1140 3101 1255 3157 ἐιπόντος
1272 3101 1318 3153 τοῖ·
1335 3099 1450 3166 ποιητοῦ·

229 3190 244 3244 ὃ
271 3194 322 3264 γὰρ
349 3193 451 3261 βασιλέι
468 3193 601 3259 χολωθεὶς,
622 3194 682 3246 ἀντὶ
698 3195 744 3246 τοῦ
763 3191 841 3250 οὗτος.
879 3195 995 3247 τοιοῦτον
1012 3195 1111 3255 καὶτὸ,
1140 3191 1220 3260 ὃμὲν
1237 3196 1283 3243 καὶ
1301 3187 1315 3241 ὃ
1334 3186 1368 3243 δὲ.
1406 3193 1452 3240 καὶ

230 3279 296 3334 αὐτὰ
314 3283 365 3352 γὰρ
383 3282 582 3350 ὀξυφωνούμενα
601 3281 660 3335 ἀντὶ
678 3282 846 3351 ἀντωνυμιῶν
864 3284 971 3336 κεῖνται.
1005 3285 1035 3337 τὸ
1054 3280 1142 3335 δἀὐτὸ
1159 3280 1264 3346 νοητέον
1278 3284 1324 3331 καὶ
1342 3275 1385 3330 ἐπὶ
1400 3278 1453 3329 τῶν

230 3368 318 3422 ἄλλων
345 3369 462 3443 ἄρθρων.
508 3363 574 3424 οὕτω
600 3373 651 3445 γὰρ
678 3379 724 3426 καὶ
749 3375 795 3427 τοῦ
822 3373 880 3426 ἀντὶ
905 3372 950 3426 τοῦ
977 3375 1066 3426 τούτου
1086 3372 1180 3440 φαμὲν,
1204 3369 1312 3421 καὶτὸν
1331 3366 1389 3420 ἀντὶ
1407 3366 1453 3419 τοῦ

229 3459 321 3512 τοῦτον
348 3467 393 3513 καὶ
419 3464 478 3520 τοὺς
504 3462 583 3533 ἤγουν
609 3467 719 3527 τούτους,
749 3464 890 3517 λειπόντων
918 3459 1018 3530 δηλαδὴ
1045 3463 1097 3514 τῶν
1124 3457 1336 3526 συντασσομένων
1353 3457 1453 3512 τούτοις

229 3547 366 3620 ὀνομάτων
392 3559 437 3606 καὶ
465 3554 517 3607 aab
539 3556 627 3608 κοινοῦ
644 3554 851 3624 λαμβανομένων
869 3551 914 3606 διὰ
930 3553 960 3606 τὸ
978 3553 1116 3621 γνώριμον.
1153 3549 1190 3602 ad
1208 3546 1331 3602 Iliadem.
1352 3546 1394 3616 [A.
1414 3545 1451 3614 9.]

230 3658 294 3713 pag.
314 3645 356 3698 23.
394 3644 596 3715 1111111111
623 3645 666 3698 ad.
696 3643 746 3698 Od.
773 3663 797 3696 α.
817 3644 860 3698 23.
898 3645 926 3696 11
943 3640 1072 3711 Apellen.
1091 3640 1171 3709 Dysc.
1190 3643 1251 3708 περὶ
1268 3635 1324 3689 ἀντ.
1343 3654 1370 3705 p.
1391 3636 1452 3691 264.

231 3733 259 3785 et
276 3737 336 3803 περὶ
354 3753 421 3785 συντ.
455 3751 501 3803 pp.
522 3735 563 3788 21.
585 3735 645 3790 120.
683 3736 712 3788 et
729 3731 894 3802 Apollonius
912 3731 994 3801 Soph.
1014 3728 1135 3784 Lexicon
1152 3728 1230 3782 Hom.
1249 3745 1276 3796 p.
1296 3725 1357 3780 485.

302 3824 323 3892 ἵ)
343 3824 387 3878 Gr.
408 3823 596 3893 Spraohlehre.
633 3825 675 3878 te.
695 3824 719 3876 1.
740 3823 782 3876 23.

302 3911 739 3983 3)011111111111111111111111.
776 3930 803 3981 p.
821 3911 839 3966 5
858 3929 897 3979 sq.
1046 3938 1050 3946 .

302 4003 326 4071 ⁴)
345 4002 474 4056 Animad.
494 4001 531 4056 ad
549 4004 603 4058 vet.
623 4018 737 4072 gramm.
758 4000 831 4055 doct.
851 4000 885 4054 de
902 3997 1030 4056 articulo.
1066 4016 1093 4067 p.
1114 3998 1156 4051 29.
1189 3997 1218 4051 et
1235 3996 1310 4049 nota.

303 4093 324 4154 s,
342 4093 384 4146 De
402 4090 520 4145 articulo
539 4090 691 4145 Homerico.
729 4088 803 4160 Lips.
824 4088 901 4144 1872.
937 4105 965 4153 p.
984 4088 1010 4143 3.

303 4181 325 4250 6)
344 4181 417 4235 Ausi
441 4198 482 4251 gr.
501 4179 623 4250 Sprachl.
642 4198 670 4249 p.
690 4181 751 4245 305,
770 4180 852 4232 Anm.
871 4179 896 4245 5,
916 4179 945 4231 et
962 4194 990 4245 p.
1009 4178 1053 4232 59.
1072 4176 1096 4241 2,
1116 4175 1190 4228 nota.

303 4270 324 4340 7)
346 4268 420 4339 Lips.
441 4270 518 4325 1860.

303 4360 324 4429 8)
343 4359 435 4428 Leipz.
456 4360 530 4414 1864.
