3156 4966
766 254 810 318 64

394 452 446 515 καὶ
469 457 536 526 τοῖς
556 447 782 532 ὑπερτάτοισιν
805 446 964 533 άνδράσιν
987 447 1104 532 φράσω

393 559 444 623 καί
468 564 536 634 τοῖς
558 556 835 639 ὑπερηνορέουσιν
859 557 903 621 έτι
926 555 1054 632 τούτοις
1075 553 1169 640 μάλα.
1218 554 1260 616 Ε.
1287 554 1406 620 50-3.

391 662 459 729 άλλ’
486 660 526 729 ού
549 660 694 748 δύναμαι
716 665 855 740 δείλαιος
877 663 981 730 εὕδειν
1004 663 1203 749 δακνόμενος

394 770 459 837 ύπό
482 775 539 856 τῆς
561 767 708 854 δαπάνης
729 773 783 836 καὶ
805 775 861 855 τῆς
883 770 1013 857 φάτνης
1034 774 1088 838 καὶ
1109 776 1175 837 τῶν
1196 776 1317 857 χρεών,

393 878 446 945 διά
469 878 599 944 τουτονὶ
622 876 680 943 τόν
701 875 786 943 υίόν.
1219 881 1260 946 Ν.
1288 883 1410 947 12-4.'

239 987 301 1053 κάν
323 990 408 1071 γαμῇ
431 986 501 1051 ποτ’
529 984 628 1062 αὐτός
649 983 671 1069 ἢ
692 989 758 1050 τῶν
780 986 942 1068 ξυγγενῶν
964 1012 983 1071 η
1006 990 1210 1071 τῶνφίλων.
1240 990 1283 1053 N.
1312 991 1409 1055 1128.

178 1092 415 1179 (Blaydesiusd
442 1100 507 1160 τών
529 1097 692 1177 ξυγγενῶν
714 1119 760 1170 τις
784 1093 803 1178 ἢ
826 1097 932 1177 φίλων
952 1092 1043 1176 legit,
1062 1093 1151 1159 cuius
1165 1095 1410 1162 emendationis

179 1219 276 1266 causa
298 1200 375 1265 mihi
398 1200 513 1283 ignota
536 1203 606 1280 est.)

246 1309 373 1376 τούτων
396 1307 550 1376 άπάντων
573 1311 675 1386 αὐτός
697 1308 830 1393 ἀρχέλας
852 1307 923 1382 ἔσει,

246 1420 298 1483 καὶ
314 1423 369 1503 της
385 1416 508 1501 άγοράς
522 1418 573 1482 καὶ
590 1421 656 1482 τῶν
670 1416 807 1499 λιμένων
822 1415 875 1479 καὶ
889 1417 946 1500 τῆς
961 1412 1094 1490 πυκνός.
1213 1418 1238 1479 Ι.
1262 1416 1407 1483 164-5.

311 1523 380 1590 αλλ’
406 1525 509 1608 έλεγεν
532 1523 551 1608 ἡ
574 1522 657 1607 γυνη
681 1522 712 1587 τέ
734 1547 789 1606 μοι
812 1521 856 1604 χώ
880 1523 997 1596 δοῦλος
1020 1521 1118 1586 οὐδέν
1141 1511 1249 1604 ἧττον,

312 1634 357 1718 χώ
380 1629 536 1715 δεσπότης
558 1631 597 1713 χὴ
619 1628 784 1713 παρθένος
805 1654 845 1713 χη
869 1631 971 1711 γραῦς
993 1625 1043 1692 άν.
1061 1633 1123 1693 κτλ.
1176 1627 1214 1691 Β.
1236 1629 1405 1694 949-50.

551 1735 590 1802 τά
613 1761 645 1803 τε
668 1733 787 1800 παλαιά
810 1735 864 1800 καὶ
886 1732 981 1799 καινά
1107 1805 1110 1811 y
1241 1735 1283 1801 B.
1312 1737 1405 1802 1107.

266 1881 299 1946 G.
340 1880 509 1947 Articulus
546 1878 764 1959 compluribus
801 1876 999 1943 coordinatis
1036 1875 1215 1942 nominibus
1259 1880 1405 1962 additur,

177 2006 248 2052 cum
271 1992 382 2052 cetera
404 2005 441 2052 eo
465 1992 608 2068 careant,
630 1985 664 2051 in

391 2094 444 2162 ὅτε
466 2093 506 2178 δὴ
528 2094 662 2178 κατῆλθ’
688 2094 878 2177 Εὐριπίδης,
908 2094 1105 2158 έπιδείκνυτο

391 2210 458 2279 τοῖς
479 2200 682 2278 λωποδύταις
704 2201 757 2267 καὶ
779 2207 861 2265 τοῖσι
883 2196 1167 2284 βαλλαντιοτόμοις
1426 2286 1429 2291 ⁴

391 2312 445 2375 καὶ
466 2317 549 2376 τοῖσι
571 2310 795 2393 πατραλοίαισι
818 2308 871 2372 καὶ
893 2304 1113 2391 τοιχωρύχοις,
1194 2306 1236 2374 Β.
1261 2307 1403 2374 771-3.
1437 2378 1441 2401 Ι

1436 2406 1441 2433 1

392 2418 462 2494 ούκ,
490 2409 515 2482 ὦ
537 2414 748 2500 κακόδαιμον,
775 2413 855 2480 ἀλλά
878 2413 954 2492 τούς
977 2414 1133 2499 χρηστούς
1154 2412 1284 2498 μόνους

391 2526 488 2609 έγωγε
510 2527 563 2591 καὶ
585 2523 662 2600 τούς
681 2521 805 2602 δεξιούς
823 2524 875 2588 καὶ
895 2521 1069 2607 σώφρονας

390 2634 508 2717 άπαρτλ
526 2637 705 2716 πλουτῆσαι
723 2630 859 2715 ποιήσω.
1192 2629 1237 2694 Π.
1261 2628 1363 2697 386·
1378 2632 1403 2696 8.

266 2774 305 2838 D.
339 2775 428 2840 Raro
461 2775 507 2859 fic,
539 2782 577 2840 ut
608 2775 769 2840 articulus
793 2773 927 2854 primurn
952 2772 1131 2855 omittatur,
1155 2789 1226 2835 curn
1251 2772 1402 2854 sequenti

177 2879 296 2946 nomini
319 2882 469 2964 addatur,
493 2888 531 2945 ut

285 2991 316 3055 τί
334 2993 455 3055 ταυτόν
474 2993 508 3056 έν
526 2995 567 3076 γη
586 2991 608 3056 τ’
631 2986 789 3073 άπέβαλεν
807 2990 869 3054 κάν
889 2989 1019 3074 οὐρανῷ

285 3099 348 3164 κάν
366 3102 406 3185 τῇ
425 3097 568 3184 θαλάττη
588 3101 709 3183 θηρίου
726 3094 785 3180 τὴν
805 3097 940 3171 ἀσπίδας
1221 3098 1259 3161 Σ.
1285 3099 1354 3164 22-
1374 3097 1399 3163 δ

287 3207 330 3284 ὥς
349 3209 512 3291 εὐδαίμων
532 3207 566 3274 έν
580 3207 768 3292 Ἀθηναίοις
785 3206 838 3271 καὶ
857 3212 924 3281 τοῖς
934 3203 1072 3289 Ἕλλησι
1089 3204 1215 3288 γενήσει
1264 3208 1305 3273 Ν.
1330 3208 1398 3275 413.
1438 3198 1442 3263 ἶ

264 3331 301 3396 Ε.
326 3331 524 3398 Coerdiuata
547 3331 765 3416 substantiva,
798 3349 881 3411 quae
912 3336 1033 3395 natura
1056 3329 1143 3394 inter
1166 3347 1201 3393 ss
1225 3332 1399 3399 semuncta

177 3442 262 3520 sunt,
285 3439 353 3504 sine
377 3438 517 3504 articulo
540 3436 785 3524 inveniuntur¹)
808 3437 842 3503 in

205 3544 211 3558 ’
388 3552 428 3632 γῆ
449 3550 476 3614 δ’
499 3549 569 3614 οὐδ’
593 3545 657 3631 άὴρ
676 3548 747 3613 οὐδ’
771 3545 913 3631 οὐρανός
932 3538 983 3632 ἦν.
998 3553 1063 3613 κτλ.
1265 3549 1302 3615 O.
1328 3549 1399 3616 694.

390 3651 434 3732 ὥς
451 3654 510 3739 κοιλ
534 3655 702 3739 Μνασέας
719 3653 799 3741 νίν
817 3658 858 3740 ιλ
877 3652 948 3739 κάτ’
971 3655 1006 3721 ἓν
1025 3655 1127 3741 ἄκουέ

388 3760 459 3847 μήτ’
482 3762 516 3826 έν
534 3761 678 3847 θαλάττη
697 3759 769 3846 μήτ’
791 3765 825 3829 ἐν
845 3763 965 3848 ἠπείρῳ
983 3761 1099 3847 μένειν.
1186 3763 1232 3829 Λ.
1256 3763 1396 3830 533-AE

391 3871 458 3936 ἀλλ’
482 3865 590 3937 αύταιί
607 3874 658 3937 τοί
677 3891 728 3938 σοι
745 3871 1022 3957 τριακοντούτιδες

388 3977 468 4044 κατά
486 3983 549 4061 γῆν
566 4003 598 4044 τε
617 3981 669 4044 καὶ
689 3978 863 4045 θαλάτταυ.
1184 3977 1231 4041 Α.
1257 3978 1393 4046 194-5.

177 4105 386 4114 ....—-—-——

247 4155 266 4222 ¹)
285 4152 457 4208 Heindortius
475 4153 505 4206 in
523 4155 590 4208 nota
608 4154 644 4208 ad
664 4154 746 4224 ψυχῆς
765 4154 816 4205 ἀπὸ
835 4156 953 4222 σώματος
973 4154 1060 4220 Plato,
1088 4153 1137 4206 Ph.
1157 4155 1200 4208 67.
1219 4153 1263 4220 D.,
1285 4151 1391 4208 scribit:

175 4242 248 4314 uUbi
267 4241 361 4309 aliquo
380 4242 451 4296 inter
471 4259 499 4295 se
518 4242 599 4297 modo
617 4242 714 4297 iuncta
733 4243 787 4298 duo
806 4242 920 4298 nomina
937 4243 1042 4313 pariter
1059 4244 1109 4296 aut
1128 4242 1244 4298 definita
1258 4244 1329 4298 suut
1345 4240 1391 4297 unt

174 4330 328 4397 indefinita,
347 4330 495 4387 articulum
515 4328 612 4386 Graeci
630 4334 680 4385 aut
698 4331 856 4402 praefigunt
869 4331 980 4400 utn'que
994 4334 1043 4386 aut
1058 4330 1087 4386 in
1101 4333 1219 4400 utroque
1233 4329 1389 4387 omittrrut”

177 4423 216 4475 ct
238 4425 266 4474 et
284 4421 447 4475 Stallbaum.
467 4420 502 4473 ad
517 4420 604 4474 Plato.
625 4421 697 4475 Prot.
713 4423 773 4477 357.
792 4422 824 4487 A,
844 4421 908 4474 erit.
928 4424 971 4476 47.
985 4421 1012 4486 Ο,
1032 4420 1091 4477 Alc.
1108 4423 1166 4480 117.
1179 4424 1213 4490 A,
1226 4421 1308 4480 nutu.
1325 4424 1349 4477 7.
1362 4421 1388 4476 G.
