<?xml version="1.0" encoding="UTF-8"?>
<!DOCTYPE html PUBLIC "-//W3C//DTD XHTML 1.0 Transitional//EN"
    "http://www.w3.org/TR/xhtml1/DTD/xhtml1-transitional.dtd">
<html xmlns="http://www.w3.org/1999/xhtml" xml:lang="en" lang="en">
 <head>
  <title>
</title>
<meta http-equiv="Content-Type" content="text/html;charset=utf-8" />
  <meta name='ocr-system' content='tesseract 3.04.00' />
  <meta name='ocr-capabilities' content='ocr_page ocr_carea ocr_par ocr_line ocrx_word'/>
</head>
<body>
  <div class='ocr_page' id='page_1' title='image "./dearticuliinant00fullgoog_0041.png"; bbox 0 0 3156 4966; ppageno 0'>
   <div class='ocr_carea' id='block_1_1' title="bbox 706 235 864 335">
    <p class='ocr_par' dir='ltr' id='par_1_1' title="bbox 706 235 864 335">
     <span class='ocr_line' id='line_1_1' title="bbox 706 235 864 335; baseline 0 -35"><span class='ocrx_word' id='word_1_1' title='bbox 706 235 864 335; x_wconf 45' lang='lat'><strong><em>„³2</em></strong></span> 
     </span>
    </p>
   </div>
   <div class='ocr_carea' id='block_1_2' title="bbox 172 427 1392 633">
    <p class='ocr_par' dir='ltr' id='par_1_2' title="bbox 172 427 1392 633">
     <span class='ocr_line' id='line_1_2' title="bbox 173 427 1392 513; baseline 0.002 -23"><span class='ocrx_word' id='word_1_2' title='bbox 173 435 174 438; x_wconf 75' lang='grc'>’</span> <span class='ocrx_word' id='word_1_3' title='bbox 262 428 299 491; x_wconf 85' lang='grc' dir='ltr'><strong><em>Α.</em></strong></span> <span class='ocrx_word' id='word_1_4' title='bbox 325 427 446 493; x_wconf 83' lang='lat' dir='ltr'>Nomen</span> <span class='ocrx_word' id='word_1_5' title='bbox 471 448 628 509; x_wconf 82' lang='lat' dir='ltr'>personae</span> <span class='ocrx_word' id='word_1_6' title='bbox 652 431 818 513; x_wconf 80' lang='lat' dir='ltr'>proprium</span> <span class='ocrx_word' id='word_1_7' title='bbox 842 430 1016 495; x_wconf 77' lang='lat' dir='ltr'>articulum</span> <span class='ocrx_word' id='word_1_8' title='bbox 1040 430 1151 511; x_wconf 82' lang='lat' dir='ltr'>habet,</span> <span class='ocrx_word' id='word_1_9' title='bbox 1184 431 1211 493; x_wconf 86' lang='lat' dir='ltr'><strong><em>si</em></strong></span> <span class='ocrx_word' id='word_1_10' title='bbox 1234 429 1295 494; x_wconf 89' lang='lat' dir='ltr'>illa</span> <span class='ocrx_word' id='word_1_11' title='bbox 1319 449 1392 509; x_wconf 83' lang='lat' dir='ltr'>per-</span> 
     </span>
     <span class='ocr_line' id='line_1_3' title="bbox 172 534 1288 633; baseline 0.002 -36"><span class='ocrx_word' id='word_1_12' title='bbox 172 551 252 598; x_wconf 87' lang='lat' dir='ltr'>sona</span> <span class='ocrx_word' id='word_1_13' title='bbox 275 538 334 598; x_wconf 87' lang='lat' dir='ltr'><strong><em>aut</em></strong></span> <span class='ocrx_word' id='word_1_14' title='bbox 356 553 455 614; x_wconf 83' lang='lat' dir='ltr'>supra</span> <span class='ocrx_word' id='word_1_15' title='bbox 478 536 644 633; x_wconf 90' lang='lat' dir='ltr'>nominata</span> <span class='ocrx_word' id='word_1_16' title='bbox 668 544 718 603; x_wconf 87' lang='lat' dir='ltr'>eat</span> <span class='ocrx_word' id='word_1_17' title='bbox 741 543 800 603; x_wconf 90' lang='lat' dir='ltr'><strong><em>aut</em></strong></span> <span class='ocrx_word' id='word_1_18' title='bbox 822 543 902 603; x_wconf 91' lang='lat' dir='ltr'>nota</span> <span class='ocrx_word' id='word_1_19' title='bbox 926 538 980 601; x_wconf 86' lang='lat' dir='ltr'>vel</span> <span class='ocrx_word' id='word_1_20' title='bbox 1003 537 1174 616; x_wconf 81' lang='lat' dir='ltr'>praeclara</span> <span class='ocrx_word' id='word_1_21' title='bbox 1198 541 1256 600; x_wconf 88' lang='lat' dir='ltr'>est.</span> <span class='ocrx_word' id='word_1_22' title='bbox 1267 534 1288 616; x_wconf 88' lang='lat'><strong><em>¹)</em></strong></span> 
     </span>
    </p>
   </div>
   <div class='ocr_carea' id='block_1_3' title="bbox 172 658 1398 3515">
    <p class='ocr_par' dir='ltr' id='par_1_3' title="bbox 172 658 1398 3515">
     <span class='ocr_line' id='line_1_4' title="bbox 261 658 900 744; baseline 0.006 -22"><span class='ocrx_word' id='word_1_23' title='bbox 261 658 356 724; x_wconf 81' lang='lat' dir='ltr'>illius</span> <span class='ocrx_word' id='word_1_24' title='bbox 379 659 462 743; x_wconf 84' lang='lat' dir='ltr'>legis</span> <span class='ocrx_word' id='word_1_25' title='bbox 485 661 538 726; x_wconf 89' lang='lat' dir='ltr'>hie</span> <span class='ocrx_word' id='word_1_26' title='bbox 560 663 649 728; x_wconf 83' lang='lat' dir='ltr'>loeus</span> <span class='ocrx_word' id='word_1_27' title='bbox 673 665 819 744; x_wconf 88' lang='lat' dir='ltr'>exemplo</span> <span class='ocrx_word' id='word_1_28' title='bbox 842 662 900 727; x_wconf 87' lang='lat' dir='ltr'>sit:</span> 
     </span>
     <span class='ocr_line' id='line_1_5' title="bbox 383 780 1146 869; baseline 0.003 -26"><span class='ocrx_word' id='word_1_29' title='bbox 383 791 504 866; x_wconf 78' lang='grc' dir='ltr'><strong><em>πρῶτον</em></strong></span> <span class='ocrx_word' id='word_1_30' title='bbox 526 787 560 848; x_wconf 78' lang='grc' dir='ltr'><strong><em>δὲ</em></strong></span> <span class='ocrx_word' id='word_1_31' title='bbox 583 782 706 848; x_wconf 89' lang='grc' dir='ltr'><strong><em>πάντων</em></strong></span> <span class='ocrx_word' id='word_1_32' title='bbox 729 795 772 866; x_wconf 79' lang='grc' dir='ltr'><strong><em>τῷ</em></strong></span> <span class='ocrx_word' id='word_1_33' title='bbox 795 787 960 869; x_wconf 75' lang='grc' dir='ltr'><strong><em>Νεοκλείδῃ</em></strong></span> <span class='ocrx_word' id='word_1_34' title='bbox 984 780 1146 867; x_wconf 85' lang='grc' dir='ltr'><strong><em>φάρμακον</em></strong></span> 
     </span>
     <span class='ocr_line' id='line_1_6' title="bbox 383 891 1393 977; baseline 0.007 -26"><span class='ocrx_word' id='word_1_35' title='bbox 383 891 593 954; x_wconf 68' lang='grc' dir='ltr'><strong><em>καταπλαστὸν</em></strong></span> <span class='ocrx_word' id='word_1_36' title='bbox 617 895 784 976; x_wconf 80' lang='grc' dir='ltr'><strong><em>ἐνεχείρησε</em></strong></span> <span class='ocrx_word' id='word_1_37' title='bbox 807 894 935 977; x_wconf 73' lang='grc' dir='ltr'><strong><em>τρίβειν,</em></strong></span> <span class='ocrx_word' id='word_1_38' title='bbox 960 898 1021 954; x_wconf 88' lang='grc' dir='ltr'><strong><em>κτλ.</em></strong></span> <span class='ocrx_word' id='word_1_39' title='bbox 1183 894 1225 952; x_wconf 87' lang='grc' dir='ltr'><strong><em>Π.</em></strong></span> <span class='ocrx_word' id='word_1_40' title='bbox 1251 894 1393 973; x_wconf 71' lang='lat' dir='ltr'><strong><em>‘tlt—7,</em></strong></span> 
     </span>
     <span class='ocr_line' id='line_1_7' title="bbox 172 1013 1078 1102; baseline 0.003 -24"><span class='ocrx_word' id='word_1_41' title='bbox 172 1013 227 1078; x_wconf 92' lang='lat' dir='ltr'><strong><em>ubi</em></strong></span> <span class='ocrx_word' id='word_1_42' title='bbox 251 1016 432 1090; x_wconf 72' lang='grc' dir='ltr'><strong><em>Νεοκλείδης</em></strong></span> <span class='ocrx_word' id='word_1_43' title='bbox 455 1037 562 1102; x_wconf 86' lang='lat' dir='ltr'>supra,</span> <span class='ocrx_word' id='word_1_44' title='bbox 587 1038 669 1085; x_wconf 87' lang='lat' dir='ltr'>vers.</span> <span class='ocrx_word' id='word_1_45' title='bbox 694 1021 768 1101; x_wconf 84' lang='lat'><strong>665,</strong></span> <span class='ocrx_word' id='word_1_46' title='bbox 791 1019 991 1085; x_wconf 90' lang='lat' dir='ltr'>nominatum</span> <span class='ocrx_word' id='word_1_47' title='bbox 1014 1024 1078 1082; x_wconf 88' lang='lat' dir='ltr'>est:</span> 
     </span>
     <span class='ocr_line' id='line_1_8' title="bbox 188 1136 1161 1234; baseline -0.003 -31"><span class='ocrx_word' id='word_1_48' title='bbox 188 1229 191 1234; x_wconf 20' lang='grc' dir='ltr'>ι</span> <span class='ocrx_word' id='word_1_49' title='bbox 406 1139 448 1212; x_wconf 83' lang='grc' dir='ltr'><strong><em>εἷς</em></strong></span> <span class='ocrx_word' id='word_1_50' title='bbox 470 1143 525 1220; x_wconf 79' lang='grc' dir='ltr'><strong><em>μίν</em></strong></span> <span class='ocrx_word' id='word_1_51' title='bbox 546 1166 578 1222; x_wconf 76' lang='grc' dir='ltr'><strong><em>γε</em></strong></span> <span class='ocrx_word' id='word_1_52' title='bbox 603 1144 793 1221; x_wconf 77' lang='grc' dir='ltr'><strong><em>Νεοκλείδης,</em></strong></span> <span class='ocrx_word' id='word_1_53' title='bbox 819 1145 851 1214; x_wconf 84' lang='grc' dir='ltr'><strong><em>ὅς</em></strong></span> <span class='ocrx_word' id='word_1_54' title='bbox 876 1143 939 1204; x_wconf 84' lang='grc' dir='ltr'><strong><em>ἐστι</em></strong></span> <span class='ocrx_word' id='word_1_55' title='bbox 962 1143 1017 1220; x_wconf 76' lang='grc' dir='ltr'><strong><em>μὲν</em></strong></span> <span class='ocrx_word' id='word_1_56' title='bbox 1039 1136 1161 1220; x_wconf 80' lang='grc' dir='ltr'><strong><em>τυφλός.</em></strong></span> 
     </span>
     <span class='ocr_line' id='line_1_9' title="bbox 260 1265 508 1332; baseline 0.012 -3"><span class='ocrx_word' id='word_1_57' title='bbox 260 1265 344 1330; x_wconf 68' lang='lat' dir='ltr'>Item</span> <span class='ocrx_word' id='word_1_58' title='bbox 374 1271 411 1332; x_wconf 93' lang='lat'><strong><em>0.</em></strong></span> <span class='ocrx_word' id='word_1_59' title='bbox 436 1267 508 1332; x_wconf 81' lang='grc'>970.</span> 
     </span>
     <span class='ocr_line' id='line_1_10' title="bbox 441 1388 1104 1480; baseline -0.002 -29"><span class='ocrx_word' id='word_1_60' title='bbox 441 1390 579 1480; x_wconf 69' lang='grc' dir='ltr'><strong><em>ᾐνίξαθ’ὁ</em></strong></span> <span class='ocrx_word' id='word_1_61' title='bbox 603 1388 700 1462; x_wconf 83' lang='grc' dir='ltr'><strong><em>Βάκις</em></strong></span> <span class='ocrx_word' id='word_1_62' title='bbox 722 1398 833 1452; x_wconf 77' lang='grc' dir='ltr'><strong><em>τοῦτον</em></strong></span> <span class='ocrx_word' id='word_1_63' title='bbox 855 1389 930 1474; x_wconf 85' lang='grc' dir='ltr'><strong><em>πρὸς</em></strong></span> <span class='ocrx_word' id='word_1_64' title='bbox 952 1389 1005 1450; x_wconf 84' lang='grc' dir='ltr'><strong><em>τὸν</em></strong></span> <span class='ocrx_word' id='word_1_65' title='bbox 1030 1391 1104 1473; x_wconf 84' lang='grc' dir='ltr'><strong><em>άίρα</em></strong></span> 
     </span>
     <span class='ocr_line' id='line_1_11' title="bbox 173 1513 1292 1599; baseline 0.002 -23"><span class='ocrx_word' id='word_1_66' title='bbox 173 1518 272 1593; x_wconf 86' lang='lat' dir='ltr'>atque</span> <span class='ocrx_word' id='word_1_67' title='bbox 296 1513 437 1580; x_wconf 86' lang='lat' dir='ltr'>eiusdem</span> <span class='ocrx_word' id='word_1_68' title='bbox 460 1516 649 1599; x_wconf 82' lang='lat' dir='ltr'>prophetae,</span> <span class='ocrx_word' id='word_1_69' title='bbox 672 1517 728 1598; x_wconf 88' lang='lat' dir='ltr'><strong><em>qui</em></strong></span> <span class='ocrx_word' id='word_1_70' title='bbox 752 1519 917 1582; x_wconf 77' lang='lat' dir='ltr'>oraculum</span> <span class='ocrx_word' id='word_1_71' title='bbox 942 1514 1096 1597; x_wconf 80' lang='lat' dir='ltr'>explicet,</span> <span class='ocrx_word' id='word_1_72' title='bbox 1121 1533 1202 1579; x_wconf 84' lang='lat' dir='ltr'>vers.</span> <span class='ocrx_word' id='word_1_73' title='bbox 1229 1515 1292 1579; x_wconf 78' lang='lat'><strong><em>962</em></strong></span> 
     </span>
     <span class='ocr_line' id='line_1_12' title="bbox 512 1637 1046 1723; baseline 0.002 -21"><span class='ocrx_word' id='word_1_74' title='bbox 512 1645 552 1712; x_wconf 85' lang='grc' dir='ltr'><strong><em>ὠς</em></strong></span> <span class='ocrx_word' id='word_1_75' title='bbox 577 1641 641 1702; x_wconf 82' lang='grc' dir='ltr'><strong><em>ἔστι</em></strong></span> <span class='ocrx_word' id='word_1_76' title='bbox 664 1637 798 1711; x_wconf 76' lang='grc' dir='ltr'><strong><em>Βάκιδος</em></strong></span> <span class='ocrx_word' id='word_1_77' title='bbox 820 1642 961 1723; x_wconf 83' lang='grc' dir='ltr'><strong><em>χρησμὸς,</em></strong></span> <span class='ocrx_word' id='word_1_78' title='bbox 986 1645 1046 1703; x_wconf 87' lang='grc' dir='ltr'><strong><em>κτλ.</em></strong></span> 
     </span>
     <span class='ocr_line' id='line_1_13' title="bbox 225 1759 1396 1871; baseline 0.001 -26"><span class='ocrx_word' id='word_1_79' title='bbox 225 1829 228 1835; x_wconf 82' lang='grc'><em>.</em></span> <span class='ocrx_word' id='word_1_80' title='bbox 260 1759 438 1846; x_wconf 84' lang='lat' dir='ltr'>Praeterea</span> <span class='ocrx_word' id='word_1_81' title='bbox 469 1803 539 1848; x_wconf 85' lang='lat' dir='ltr'>eum</span> <span class='ocrx_word' id='word_1_82' title='bbox 573 1784 806 1871; x_wconf 79' lang='lat' dir='ltr'>Demosthenes</span> <span class='ocrx_word' id='word_1_83' title='bbox 840 1785 1005 1850; x_wconf 80' lang='lat' dir='ltr'>oraculum</span> <span class='ocrx_word' id='word_1_84' title='bbox 1038 1769 1222 1862; x_wconf 84' lang='lat' dir='ltr'>surreptum</span> <span class='ocrx_word' id='word_1_85' title='bbox 1252 1787 1396 1847; x_wconf 82' lang='lat' dir='ltr'>oontem-</span> 
     </span>
     <span class='ocr_line' id='line_1_14' title="bbox 172 1889 726 1972; baseline 0.007 -21"><span class='ocrx_word' id='word_1_86' title='bbox 172 1890 292 1970; x_wconf 81' lang='lat' dir='ltr'>pletur,</span> <span class='ocrx_word' id='word_1_87' title='bbox 315 1889 397 1952; x_wconf 88' lang='lat' dir='ltr'>haee</span> <span class='ocrx_word' id='word_1_88' title='bbox 420 1889 569 1972; x_wconf 83' lang='lat' dir='ltr'>dialogus</span> <span class='ocrx_word' id='word_1_89' title='bbox 594 1890 726 1957; x_wconf 87' lang='lat' dir='ltr'>dieitur:</span> 
     </span>
     <span class='ocr_line' id='line_1_15' title="bbox 268 2008 1274 2095; baseline 0 -22"><span class='ocrx_word' id='word_1_90' title='bbox 268 2016 299 2073; x_wconf 85' lang='grc' dir='ltr'><em>Δ</em></span> <span class='ocrx_word' id='word_1_91' title='bbox 307 2015 348 2077; x_wconf 88' lang='lat' dir='ltr'><strong><em>H.</em></strong></span> <span class='ocrx_word' id='word_1_92' title='bbox 373 2009 397 2073; x_wconf 81' lang='grc' dir='ltr'><em>ὧ</em></span> <span class='ocrx_word' id='word_1_93' title='bbox 420 2009 509 2080; x_wconf 90' lang='grc' dir='ltr'><strong><em>Βάκι.</em></strong></span> <span class='ocrx_word' id='word_1_94' title='bbox 535 2018 599 2078; x_wconf 90' lang='grc' dir='ltr'><strong><em>ΝΙ.</em></strong></span> <span class='ocrx_word' id='word_1_95' title='bbox 622 2017 652 2075; x_wconf 90' lang='grc' dir='ltr'><strong><em>τί</em></strong></span> <span class='ocrx_word' id='word_1_96' title='bbox 676 2015 758 2089; x_wconf 55' lang='lat' dir='ltr'><strong><em>few</em></strong></span> <span class='ocrx_word' id='word_1_97' title='bbox 782 2020 813 2075; x_wconf 85' lang='grc' dir='ltr'><em>Δ</em></span> <span class='ocrx_word' id='word_1_98' title='bbox 821 2016 863 2075; x_wconf 89' lang='grc' dir='ltr'><strong><em>Η.</em></strong></span> <span class='ocrx_word' id='word_1_99' title='bbox 887 2012 939 2084; x_wconf 78' lang='grc' dir='ltr'><strong><em>δὸς</em></strong></span> <span class='ocrx_word' id='word_1_100' title='bbox 961 2012 997 2072; x_wconf 81' lang='grc' dir='ltr'><strong><em>τὸ</em></strong></span> <span class='ocrx_word' id='word_1_101' title='bbox 1019 2008 1165 2095; x_wconf 73' lang='grc' dir='ltr'><strong><em>ποτήριον</em></strong></span> <span class='ocrx_word' id='word_1_102' title='bbox 1188 2011 1274 2094; x_wconf 78' lang='grc' dir='ltr'><strong><em>ταχεί.</em></strong></span> 
     </span>
     <span class='ocr_line' id='line_1_16' title="bbox 274 2115 1395 2203; baseline 0.008 -25"><span class='ocrx_word' id='word_1_103' title='bbox 274 2120 309 2178; x_wconf 90' lang='grc' dir='ltr'><strong><em>Ν</em></strong></span> <span class='ocrx_word' id='word_1_104' title='bbox 317 2121 342 2178; x_wconf 88' lang='grc' dir='ltr'><strong><em>Ι.</em></strong></span> <span class='ocrx_word' id='word_1_105' title='bbox 374 2125 474 2199; x_wconf 77' lang='grc' dir='ltr'><strong><em>πολλῷ</em></strong></span> <span class='ocrx_word' id='word_1_106' title='bbox 495 2121 540 2199; x_wconf 76' lang='grc' dir='ltr'><strong><em>γό</em></strong></span> <span class='ocrx_word' id='word_1_107' title='bbox 562 2115 660 2190; x_wconf 83' lang='grc' dir='ltr'><strong><em>Βάκις</em></strong></span> <span class='ocrx_word' id='word_1_108' title='bbox 683 2122 790 2203; x_wconf 80' lang='grc' dir='ltr'><strong><em>ἐχρῆτο</em></strong></span> <span class='ocrx_word' id='word_1_109' title='bbox 814 2127 858 2199; x_wconf 79' lang='grc' dir='ltr'><strong><em>τῷ</em></strong></span> <span class='ocrx_word' id='word_1_110' title='bbox 879 2120 1022 2202; x_wconf 76' lang='grc' dir='ltr'><strong><em>ποτηρίῳ,</em></strong></span> <span class='ocrx_word' id='word_1_111' title='bbox 1200 2123 1226 2180; x_wconf 92' lang='grc' dir='ltr'><strong><em>Ι.</em></strong></span> <span class='ocrx_word' id='word_1_112' title='bbox 1253 2120 1395 2186; x_wconf 79' lang='grc'><strong>123-4.</strong></span> 
     </span>
     <span class='ocr_line' id='line_1_17' title="bbox 260 2241 1395 2327; baseline 0.003 -21"><span class='ocrx_word' id='word_1_113' title='bbox 260 2242 307 2306; x_wconf 75' lang='lat' dir='ltr'><strong><em>Et</em></strong></span> <span class='ocrx_word' id='word_1_114' title='bbox 419 2242 497 2326; x_wconf 81' lang='grc' dir='ltr'><strong><em>ἀτάρ</em></strong></span> <span class='ocrx_word' id='word_1_115' title='bbox 521 2245 564 2317; x_wconf 40' lang='grc' dir='ltr'><strong><em>τί,</em></strong></span> <span class='ocrx_word' id='word_1_116' title='bbox 573 2245 660 2327; x_wconf 75' lang='grc' dir='ltr'><strong><em>χρέος</em></strong></span> <span class='ocrx_word' id='word_1_117' title='bbox 683 2244 741 2324; x_wconf 74' lang='grc' dir='ltr'><strong><em>ἔβα</em></strong></span> <span class='ocrx_word' id='word_1_118' title='bbox 763 2267 800 2323; x_wconf 77' lang='grc' dir='ltr'><strong><em>με</em></strong></span> <span class='ocrx_word' id='word_1_119' title='bbox 823 2242 900 2322; x_wconf 77' lang='grc' dir='ltr'><strong><em>μετὰ</em></strong></span> <span class='ocrx_word' id='word_1_120' title='bbox 923 2241 977 2303; x_wconf 84' lang='grc' dir='ltr'><strong><em>τὸν</em></strong></span> <span class='ocrx_word' id='word_1_121' title='bbox 1001 2243 1143 2324; x_wconf 82' lang='grc' dir='ltr'><strong><em>Πασίαν;</em></strong></span> <span class='ocrx_word' id='word_1_122' title='bbox 1275 2245 1315 2308; x_wconf 87' lang='grc' dir='ltr'><strong><em>Ν.</em></strong></span> <span class='ocrx_word' id='word_1_123' title='bbox 1341 2245 1395 2309; x_wconf 84' lang='grc'><strong><em>30.</em></strong></span> 
     </span>
     <span class='ocr_line' id='line_1_18' title="bbox 175 2368 416 2437; baseline 0.017 -7"><span class='ocrx_word' id='word_1_124' title='bbox 175 2368 226 2437; x_wconf 84' lang='lat' dir='ltr'>eui</span> <span class='ocrx_word' id='word_1_125' title='bbox 249 2369 416 2434; x_wconf 79' lang='lat' dir='ltr'>antecedit</span> 
     </span>
     <span class='ocr_line' id='line_1_19' title="bbox 421 2489 1139 2576; baseline 0.004 -22"><span class='ocrx_word' id='word_1_126' title='bbox 421 2492 553 2576; x_wconf 68' lang='grc' dir='ltr'><strong><em>φέρ’ἴδω,</em></strong></span> <span class='ocrx_word' id='word_1_127' title='bbox 577 2495 606 2553; x_wconf 91' lang='grc' dir='ltr'><strong><em>τί</em></strong></span> <span class='ocrx_word' id='word_1_128' title='bbox 631 2495 760 2574; x_wconf 86' lang='grc' dir='ltr'><strong><em>ὀφείλω;</em></strong></span> <span class='ocrx_word' id='word_1_129' title='bbox 783 2489 900 2554; x_wconf 80' lang='grc' dir='ltr'><strong><em>δώδεκα</em></strong></span> <span class='ocrx_word' id='word_1_130' title='bbox 923 2499 1000 2571; x_wconf 77' lang='grc' dir='ltr'><strong><em>μνᾶς</em></strong></span> <span class='ocrx_word' id='word_1_131' title='bbox 1024 2492 1139 2570; x_wconf 87' lang='grc' dir='ltr'><strong><em>Πασίᾳ.</em></strong></span> 
     </span>
     <span class='ocr_line' id='line_1_20' title="bbox 420 2595 1398 2680; baseline 0.007 -22"><span class='ocrx_word' id='word_1_132' title='bbox 420 2607 477 2660; x_wconf 82' lang='grc' dir='ltr'><strong><em>τοῦ</em></strong></span> <span class='ocrx_word' id='word_1_133' title='bbox 498 2595 615 2662; x_wconf 80' lang='grc' dir='ltr'><strong><em>δώδεκα</em></strong></span> <span class='ocrx_word' id='word_1_134' title='bbox 637 2602 720 2680; x_wconf 73' lang='grc' dir='ltr'><strong><em>μνᾶς</em></strong></span> <span class='ocrx_word' id='word_1_135' title='bbox 738 2600 857 2680; x_wconf 81' lang='grc' dir='ltr'><strong><em>Πασίᾳ;</em></strong></span> <span class='ocrx_word' id='word_1_136' title='bbox 1187 2617 1250 2664; x_wconf 65' lang='lat' dir='ltr'><strong><em>Vsa.</em></strong></span> <span class='ocrx_word' id='word_1_137' title='bbox 1274 2599 1398 2665; x_wconf 62' lang='lat'><strong><em>21-2</em></strong></span> 
     </span>
     <span class='ocr_line' id='line_1_21' title="bbox 704 2719 1044 2804; baseline -0.009 -17"><span class='ocrx_word' id='word_1_138' title='bbox 704 2725 791 2804; x_wconf 81' lang='grc' dir='ltr'><strong><em>ἡμεῖς</em></strong></span> <span class='ocrx_word' id='word_1_139' title='bbox 812 2726 930 2786; x_wconf 73' lang='grc' dir='ltr'><strong><em>τὀὐδὲν</em></strong></span> <span class='ocrx_word' id='word_1_140' title='bbox 953 2719 1044 2799; x_wconf 82' lang='grc' dir='ltr'><strong><em>ἧττον</em></strong></span> 
     </span>
     <span class='ocr_line' id='line_1_22' title="bbox 527 2826 1398 2915; baseline 0.008 -25"><span class='ocrx_word' id='word_1_141' title='bbox 527 2839 583 2893; x_wconf 84' lang='grc' dir='ltr'><strong><em>τοῦ</em></strong></span> <span class='ocrx_word' id='word_1_142' title='bbox 606 2832 805 2901; x_wconf 79' lang='grc' dir='ltr'><strong><em>Μελανίωνος</em></strong></span> <span class='ocrx_word' id='word_1_143' title='bbox 823 2839 851 2892; x_wconf 80' lang='grc' dir='ltr'><strong><em>οἱ</em></strong></span> <span class='ocrx_word' id='word_1_144' title='bbox 874 2826 1036 2913; x_wconf 85' lang='grc' dir='ltr'><strong><em>σώφρονες.</em></strong></span> <span class='ocrx_word' id='word_1_145' title='bbox 1185 2828 1228 2895; x_wconf 78' lang='grc' dir='ltr'><strong><em>Α.</em></strong></span> <span class='ocrx_word' id='word_1_146' title='bbox 1253 2831 1398 2915; x_wconf 64' lang='grc'><strong>795-6,</strong></span> 
     </span>
     <span class='ocr_line' id='line_1_23' title="bbox 175 2950 1138 3035; baseline -0.003 -17"><span class='ocrx_word' id='word_1_147' title='bbox 175 2962 209 3019; x_wconf 76' lang='lat' dir='ltr'>et</span> <span class='ocrx_word' id='word_1_148' title='bbox 431 2953 511 3034; x_wconf 75' lang='grc' dir='ltr'><strong><em>κάγοί</em></strong></span> <span class='ocrx_word' id='word_1_149' title='bbox 535 2953 694 3035; x_wconf 75' lang='grc' dir='ltr'><strong><em>βούλομαι·</em></strong></span> <span class='ocrx_word' id='word_1_150' title='bbox 708 2950 811 3033; x_wconf 73' lang='grc' dir='ltr'><strong><em>μῦθόν</em></strong></span> <span class='ocrx_word' id='word_1_151' title='bbox 833 2955 963 3033; x_wconf 81' lang='grc' dir='ltr'><strong><em>τιν’ὑμῖν</em></strong></span> <span class='ocrx_word' id='word_1_152' title='bbox 988 2955 1138 3029; x_wconf 75' lang='grc' dir='ltr'><strong><em>ἀντιλέξαι</em></strong></span> 
     </span>
     <span class='ocr_line' id='line_1_24' title="bbox 431 3060 1395 3141; baseline 0.006 -21"><span class='ocrx_word' id='word_1_153' title='bbox 431 3068 474 3141; x_wconf 81' lang='grc' dir='ltr'><strong><em>τῷ</em></strong></span> <span class='ocrx_word' id='word_1_154' title='bbox 497 3062 684 3123; x_wconf 86' lang='grc' dir='ltr'><strong><em>Μελανίωνι.</em></strong></span> <span class='ocrx_word' id='word_1_155' title='bbox 1192 3060 1236 3125; x_wconf 86' lang='grc' dir='ltr'><strong><em>Λ.</em></strong></span> <span class='ocrx_word' id='word_1_156' title='bbox 1260 3061 1395 3126; x_wconf 66' lang='lat' dir='ltr'><strong>805-ss</strong></span> 
     </span>
     <span class='ocr_line' id='line_1_25' title="bbox 177 3171 903 3269; baseline 0.001 -18"><span class='ocrx_word' id='word_1_157' title='bbox 177 3186 291 3266; x_wconf 86' lang='lat' dir='ltr'>quibus</span> <span class='ocrx_word' id='word_1_158' title='bbox 314 3171 547 3269; x_wconf 75' lang='lat' dir='ltr'>praegneditun</span> <span class='ocrx_word' id='word_1_159' title='bbox 901 3193 903 3198; x_wconf 81' lang='grc'>’</span> 
     </span>
     <span class='ocr_line' id='line_1_26' title="bbox 440 3308 1396 3387; baseline 0.006 -15"><span class='ocrx_word' id='word_1_160' title='bbox 440 3311 536 3383; x_wconf 74' lang='grc' dir='ltr'><strong><em>οὕτως</em></strong></span> <span class='ocrx_word' id='word_1_161' title='bbox 558 3308 595 3386; x_wconf 78' lang='grc' dir='ltr'><strong><em>ἦν</em></strong></span> <span class='ocrx_word' id='word_1_162' title='bbox 617 3334 690 3373; x_wconf 85' lang='grc' dir='ltr'><strong><em>ποτε</em></strong></span> <span class='ocrx_word' id='word_1_163' title='bbox 713 3310 781 3381; x_wconf 77' lang='grc' dir='ltr'><strong><em>νέος</em></strong></span> <span class='ocrx_word' id='word_1_164' title='bbox 799 3311 966 3372; x_wconf 84' lang='grc' dir='ltr'><strong><em>Μελανίων</em></strong></span> <span class='ocrx_word' id='word_1_165' title='bbox 988 3334 1042 3387; x_wconf 86' lang='grc' dir='ltr'><strong><em>τις,</em></strong></span> <span class='ocrx_word' id='word_1_166' title='bbox 1067 3315 1128 3374; x_wconf 87' lang='grc' dir='ltr'><strong><em>κτλ.</em></strong></span> <span class='ocrx_word' id='word_1_167' title='bbox 1249 3328 1295 3375; x_wconf 78' lang='lat' dir='ltr'><strong><em>Vs,</em></strong></span> <span class='ocrx_word' id='word_1_168' title='bbox 1321 3311 1396 3378; x_wconf 81' lang='grc'><strong>785.</strong></span> 
     </span>
     <span class='ocr_line' id='line_1_27' title="bbox 266 3435 384 3515; baseline 0.008 -16"><span class='ocrx_word' id='word_1_169' title='bbox 266 3435 384 3515; x_wconf 85' lang='lat' dir='ltr'>Itaque</span> 
     </span>
    </p>
   </div>
   <div class='ocr_carea' id='block_1_4' title="bbox 163 3536 1397 4035">
    <p class='ocr_par' dir='ltr' id='par_1_4' title="bbox 163 3536 1397 4035">
     <span class='ocr_line' id='line_1_28' title="bbox 220 3536 872 3625; baseline 0.002 -24"><span class='ocrx_word' id='word_1_170' title='bbox 220 3536 339 3624; x_wconf 76' lang='grc' dir='ltr'><strong><em>ἀνήρετ’</em></strong></span> <span class='ocrx_word' id='word_1_171' title='bbox 365 3543 434 3624; x_wconf 83' lang='grc' dir='ltr'><strong><em>ἄρτι</em></strong></span> <span class='ocrx_word' id='word_1_172' title='bbox 458 3544 665 3625; x_wconf 77' lang='grc' dir='ltr'><strong><em>Χαιρεφῶντα</em></strong></span> <span class='ocrx_word' id='word_1_173' title='bbox 689 3537 872 3625; x_wconf 52' lang='grc' dir='ltr'><strong><em>Σωκράτης,</em></strong></span> 
     </span>
     <span class='ocr_line' id='line_1_29' title="bbox 220 3643 973 3728; baseline -0.003 -18"><span class='ocrx_word' id='word_1_174' title='bbox 220 3643 341 3728; x_wconf 77' lang='grc' dir='ltr'><strong><em>ψύλλαν</em></strong></span> <span class='ocrx_word' id='word_1_175' title='bbox 364 3643 495 3720; x_wconf 72' lang='grc' dir='ltr'><strong><em>ὁπόσους</em></strong></span> <span class='ocrx_word' id='word_1_176' title='bbox 518 3650 635 3710; x_wconf 83' lang='grc' dir='ltr'><strong><em>ἅλλοιτο</em></strong></span> <span class='ocrx_word' id='word_1_177' title='bbox 659 3646 730 3719; x_wconf 81' lang='grc' dir='ltr'><strong><em>τὀὐς</em></strong></span> <span class='ocrx_word' id='word_1_178' title='bbox 754 3653 849 3723; x_wconf 69' lang='grc' dir='ltr'><strong><em>αὐτῆς</em></strong></span> <span class='ocrx_word' id='word_1_179' title='bbox 870 3643 973 3719; x_wconf 72' lang='grc' dir='ltr'><strong><em>πόδας·</em></strong></span> 
     </span>
     <span class='ocr_line' id='line_1_30' title="bbox 220 3753 956 3838; baseline 0 -22"><span class='ocrx_word' id='word_1_180' title='bbox 220 3756 355 3825; x_wconf 74' lang='grc' dir='ltr'><strong><em>δακοῦσα</em></strong></span> <span class='ocrx_word' id='word_1_181' title='bbox 377 3753 433 3838; x_wconf 74' lang='grc' dir='ltr'><strong><em>γάρ</em></strong></span> <span class='ocrx_word' id='word_1_182' title='bbox 455 3762 512 3817; x_wconf 80' lang='grc' dir='ltr'><strong><em>τοῦ</em></strong></span> <span class='ocrx_word' id='word_1_183' title='bbox 535 3757 758 3838; x_wconf 80' lang='grc' dir='ltr'><strong><em>Χαιρεφῶντος</em></strong></span> <span class='ocrx_word' id='word_1_184' title='bbox 779 3754 834 3830; x_wconf 74' lang='grc' dir='ltr'><strong><em>τὴν</em></strong></span> <span class='ocrx_word' id='word_1_185' title='bbox 858 3757 956 3838; x_wconf 79' lang='grc' dir='ltr'><strong><em>ὀφρῦν</em></strong></span> 
     </span>
     <span class='ocr_line' id='line_1_31' title="bbox 163 3855 1349 3949; baseline -0.002 -26"><span class='ocrx_word' id='word_1_186' title='bbox 163 3911 165 3916; x_wconf 90' lang='grc'>.</span> <span class='ocrx_word' id='word_1_187' title='bbox 222 3863 271 3924; x_wconf 78' lang='grc' dir='ltr'><strong><em>ἐπί</em></strong></span> <span class='ocrx_word' id='word_1_188' title='bbox 292 3860 349 3936; x_wconf 74' lang='grc' dir='ltr'><strong><em>τὴν</em></strong></span> <span class='ocrx_word' id='word_1_189' title='bbox 372 3860 505 3943; x_wconf 77' lang='grc' dir='ltr'><strong><em>κεφαλὴν</em></strong></span> <span class='ocrx_word' id='word_1_190' title='bbox 526 3861 583 3936; x_wconf 72' lang='grc' dir='ltr'><strong><em>τὴν</em></strong></span> <span class='ocrx_word' id='word_1_191' title='bbox 598 3859 663 3949; x_wconf 84' lang='lat' dir='ltr'>[Sic</span> <span class='ocrx_word' id='word_1_192' title='bbox 677 3863 717 3931; x_wconf 79' lang='lat' dir='ltr'><strong><em>R,</em></strong></span> <span class='ocrx_word' id='word_1_193' title='bbox 734 3862 801 3927; x_wconf 86' lang='lat' dir='ltr'>alia</span> <span class='ocrx_word' id='word_1_194' title='bbox 815 3863 889 3927; x_wconf 78' lang='lat' dir='ltr'>Mos.</span> <span class='ocrx_word' id='word_1_195' title='bbox 904 3859 982 3949; x_wconf 65' lang='grc' dir='ltr'><strong><em>τοῦ]</em></strong></span> <span class='ocrx_word' id='word_1_196' title='bbox 999 3855 1182 3941; x_wconf 83' lang='grc' dir='ltr'><strong><em>Σωκράτους</em></strong></span> <span class='ocrx_word' id='word_1_197' title='bbox 1201 3855 1349 3940; x_wconf 70' lang='grc' dir='ltr'><strong><em>ἀφήλατο.</em></strong></span> 
     </span>
     <span class='ocr_line' id='line_1_32' title="bbox 1008 3969 1397 4035; baseline 0.013 -6"><span class='ocrx_word' id='word_1_198' title='bbox 1008 3970 1011 3975; x_wconf 82' lang='grc'><strong><em>’</em></strong></span> <span class='ocrx_word' id='word_1_199' title='bbox 1192 3970 1230 4032; x_wconf 86' lang='grc' dir='ltr'><strong><em>Ν.</em></strong></span> <span class='ocrx_word' id='word_1_200' title='bbox 1255 3969 1397 4035; x_wconf 82' lang='grc'>144-7.</span> 
     </span>
    </p>
   </div>
   <div class='ocr_carea' id='block_1_5' title="bbox 132 4177 1396 4426">
    <p class='ocr_par' dir='ltr' id='par_1_5' title="bbox 132 4177 1396 4426">
     <span class='ocr_line' id='line_1_33' title="bbox 249 4177 1396 4250; baseline -0.002 -16"><span class='ocrx_word' id='word_1_201' title='bbox 249 4181 268 4248; x_wconf 87' lang='lat'><strong><em>¹)</em></strong></span> <span class='ocrx_word' id='word_1_202' title='bbox 288 4177 440 4250; x_wconf 76' lang='lat' dir='ltr'><strong><em>uNimirum</em></strong></span> <span class='ocrx_word' id='word_1_203' title='bbox 468 4178 602 4233; x_wconf 80' lang='lat' dir='ltr'>articulus</span> <span class='ocrx_word' id='word_1_204' title='bbox 629 4181 786 4249; x_wconf 86' lang='lat' dir='ltr'>apponatur</span> <span class='ocrx_word' id='word_1_205' title='bbox 814 4178 850 4232; x_wconf 75' lang='lat' dir='ltr'><strong><em>ad</em></strong></span> <span class='ocrx_word' id='word_1_206' title='bbox 878 4178 949 4233; x_wconf 86' lang='lat' dir='ltr'>illud</span> <span class='ocrx_word' id='word_1_207' title='bbox 971 4195 1079 4245; x_wconf 86' lang='lat' dir='ltr'>nomen,</span> <span class='ocrx_word' id='word_1_208' title='bbox 1107 4178 1181 4246; x_wconf 88' lang='lat' dir='ltr'>quod</span> <span class='ocrx_word' id='word_1_209' title='bbox 1201 4180 1250 4232; x_wconf 86' lang='lat' dir='ltr'><strong><em>aut</em></strong></span> <span class='ocrx_word' id='word_1_210' title='bbox 1267 4177 1396 4245; x_wconf 86' lang='lat' dir='ltr'>loquenti</span> 
     </span>
     <span class='ocr_line' id='line_1_34' title="bbox 154 4266 1395 4350; baseline -0.002 -27"><span class='ocrx_word' id='word_1_211' title='bbox 154 4345 155 4350; x_wconf 8' lang='grc' dir='ltr'><strong><em>ρ</em></strong></span> <span class='ocrx_word' id='word_1_212' title='bbox 179 4268 222 4324; x_wconf 85' lang='lat' dir='ltr'>vel</span> <span class='ocrx_word' id='word_1_213' title='bbox 241 4268 268 4322; x_wconf 85' lang='lat' dir='ltr'>ei</span> <span class='ocrx_word' id='word_1_214' title='bbox 286 4267 399 4336; x_wconf 80' lang='lat' dir='ltr'>quicum</span> <span class='ocrx_word' id='word_1_215' title='bbox 418 4268 441 4321; x_wconf 87' lang='lat' dir='ltr'><strong><em>is</em></strong></span> <span class='ocrx_word' id='word_1_216' title='bbox 459 4267 584 4338; x_wconf 89' lang='lat' dir='ltr'>loquitur</span> <span class='ocrx_word' id='word_1_217' title='bbox 601 4267 631 4322; x_wconf 89' lang='lat' dir='ltr'><strong><em>in</em></strong></span> <span class='ocrx_word' id='word_1_218' title='bbox 649 4267 742 4321; x_wconf 83' lang='lat' dir='ltr'>animo</span> <span class='ocrx_word' id='word_1_219' title='bbox 761 4270 892 4333; x_wconf 82' lang='lat' dir='ltr'>versatur,</span> <span class='ocrx_word' id='word_1_220' title='bbox 911 4270 961 4321; x_wconf 86' lang='lat' dir='ltr'><strong><em>aut</em></strong></span> <span class='ocrx_word' id='word_1_221' title='bbox 979 4267 1054 4321; x_wconf 79' lang='lat' dir='ltr'>fama</span> <span class='ocrx_word' id='word_1_222' title='bbox 1071 4269 1100 4320; x_wconf 88' lang='lat' dir='ltr'>et</span> <span class='ocrx_word' id='word_1_223' title='bbox 1117 4266 1288 4320; x_wconf 76' lang='lat' dir='ltr'>sermonibus</span> <span class='ocrx_word' id='word_1_224' title='bbox 1307 4267 1395 4320; x_wconf 89' lang='lat' dir='ltr'>homi·</span> 
     </span>
     <span class='ocr_line' id='line_1_35' title="bbox 132 4353 1358 4426; baseline -0.002 -15"><span class='ocrx_word' id='word_1_225' title='bbox 132 4356 133 4359; x_wconf 68' lang='grc'>’</span> <span class='ocrx_word' id='word_1_226' title='bbox 156 4353 244 4411; x_wconf 74' lang='grc' dir='ltr'><strong><em>ἠοω</em></strong></span> <span class='ocrx_word' id='word_1_227' title='bbox 264 4356 432 4412; x_wconf 82' lang='lat' dir='ltr'>eelebratum</span> <span class='ocrx_word' id='word_1_228' title='bbox 451 4359 517 4410; x_wconf 81' lang='lat' dir='ltr'>est.”</span> <span class='ocrx_word' id='word_1_229' title='bbox 556 4356 586 4411; x_wconf 85' lang='lat' dir='ltr'><strong><em>G.</em></strong></span> <span class='ocrx_word' id='word_1_230' title='bbox 606 4355 761 4422; x_wconf 63' lang='lat' dir='ltr'>Hermann„</span> <span class='ocrx_word' id='word_1_231' title='bbox 789 4356 876 4414; x_wconf 79' lang='lat' dir='ltr'>Praei.</span> <span class='ocrx_word' id='word_1_232' title='bbox 896 4357 931 4410; x_wconf 86' lang='lat' dir='ltr'><strong><em>ad</em></strong></span> <span class='ocrx_word' id='word_1_233' title='bbox 950 4354 1044 4426; x_wconf 75' lang='lat' dir='ltr'>Eurip.</span> <span class='ocrx_word' id='word_1_234' title='bbox 1064 4355 1124 4425; x_wconf 88' lang='lat' dir='ltr'><strong>Iph.</strong></span> <span class='ocrx_word' id='word_1_235' title='bbox 1144 4355 1206 4409; x_wconf 83' lang='lat' dir='ltr'><strong>Aul.</strong></span> <span class='ocrx_word' id='word_1_236' title='bbox 1227 4373 1253 4424; x_wconf 92' lang='lat' dir='ltr'><strong><em>p.</em></strong></span> <span class='ocrx_word' id='word_1_237' title='bbox 1272 4354 1358 4409; x_wconf 89' lang='lat' dir='ltr'>XVII.</span> 
     </span>
    </p>
   </div>
   <div class='ocr_carea' id='block_1_6' title="bbox 0 0 1586 4966">
    <p class='ocr_par' dir='ltr' id='par_1_6' title="bbox 0 0 1586 4966">
     <span class='ocr_line' id='line_1_36' title="bbox 0 0 1586 4966; baseline 0 0"><span class='ocrx_word' id='word_1_238' title='bbox 0 0 1586 4966; x_wconf 95' lang='lat' dir='ltr'><strong><em> </em></strong></span> 
     </span>
    </p>
   </div>
  </div>
 </body>
</html>
