3156 4966
629 242 787 338 „rra

353 441 451 504 κακῶς
474 430 665 515 Παφλαγόνα
688 433 742 494 τὸν
764 429 916 508 νεώνητον
939 433 1032 496 κακὸν

354 541 477 603 αὐταῖσι
500 543 627 619 βουλαῖς
651 543 829 603 ἀπολέσειαν
854 549 882 602 οἱ
903 544 981 608 θεοί,
1181 545 1207 605 Ι.
1232 544 1319 607 2ψὸ

98 667 238 749 “utilium
263 667 314 731 dei
338 669 583 750 Paphlagoneni
607 671 725 732 malurn
749 686 853 748 nuper
876 672 1018 748 emptum
1042 667 1156 731 misere
1180 670 1321 746 perdant

98 794 256 839 unacum
281 774 421 839 consiliis
446 775 514 840 eius
525 775 549 839 δ’
610 824 613 829 -

188 884 304 962 ltaque

802 989 910 1058 αὐταῖς
927 989 1086 1068 διαβολαῖς
1240 992 1265 1052 I.
1291 991 1319 1064 7,

589 1101 604 1155 ὁ
628 1095 653 1155 δ’
679 1096 762 1174 αὐτῷ
784 1091 929 1174 τυμπάνῳ
1217 1072 1219 1088 Ι

334 1205 406 1279 ᾄξας
429 1203 561 1275 ἐδίκαζεν
586 1204 615 1273 ές
638 1201 673 1262 τὸ
696 1201 815 1264 Καινδν
839 1202 985 1282 ἐμπεσών.
1099 1207 1134 1264 Σ.
1161 1204 1321 1285 119-201,

332 1306 446 1371 κάκιστ’
471 1306 604 1394 ἀπόλοιο,
627 1305 801 1392 παιδάριον,
827 1311 936 1381 αὐταῖς
959 1306 1068 1391 μάχαις
1162 1311 1201 1370 Ε.
1227 1312 1321 1392 1288,

334 1419 535 1500 διαρραγείης,
560 1413 584 1477 ὦ
606 1416 679 1496 μέλ’,
703 1418 809 1488 αὐτοῖς
838 1413 971 1498 ῥήμασιν
1166 1417 1201 1481 O.
1227 1417 1321 1496 1257,

682 1523 724 1585 ταί
749 1523 851 1607 νεφροί
875 1525 912 1586 δέ
933 1548 989 1586 σου

335 1631 474 1692 αὐτοῖσιν
498 1632 672 1715 ἐντέροισιν.
1121 1634 1158 1696 B.
1182 1632 1323 1713 475-6,

417 1741 494 1801 ὥστε
518 1740 689 1818 μεθυσθείς
711 1741 795 1817 αὐτῷ
819 1734 958 1819 στεφάνῳ

287 1833 290 1840 ’
398 1853 476 1915 ’πᾶς
497 1869 544 1916 τις
567 1847 688 1907 ἄπεισιν
711 1843 767 1918 τὴν
791 1846 869 1922 δᾷδα
894 1840 996 1924 λαβών
1100 1845 1156 1910 Eu.
1180 1847 1321 1920 691-2,

99 1949 224 2013 αὖταῖσι
246 1955 419 2032 μυστίλαισι
442 1954 667 2036 Pherecrates
691 1953 863 2022 Μεταλλεῖς
885 1953 909 2018 Ι.
934 1953 964 2037 5,
989 1958 1049 2018 ete.

313 2203 382 2285 §o
416 2202 467 2266 lie
488 2200 634 2268 articuli
657 2219 736 2268 oum
760 2211 838 2275 πᾶς
856 2204 893 2268 et
916 2203 1010 2272 ὅλος
1032 2218 1108 2268 usu.

188 2347 235 2438 Α.Ι
259 2346 293 2412 si
325 2347 565 2412 substantivum
598 2366 668 2412 oum
696 2353 755 2417 πᾶς
787 2347 993 2412 eoniunoturn
1017 2352 1081 2430 est,
1114 2351 1152 2411 ut
1177 2352 1323 2411 totores

102 2453 258 2537 partibus,
291 2453 406 2534 quibus
431 2454 608 2533 composita
632 2459 690 2536 est,
724 2458 917 2536 opponatur,
951 2453 1125 2519 articulum
1147 2457 1256 2538 habet,
1289 2459 1324 2518 et

100 2568 160 2630 πᾶς
183 2561 216 2625 in
240 2561 439 2625 attributiva
463 2561 625 2640 positione
649 2565 717 2626 est:
749 2559 803 2621 τὸν
830 2555 931 2621 πάντα
954 2556 1064 2642 χρόνον
1086 2565 1125 2628 Ν.
1148 2563 1224 2631 462.
1254 2563 1324 2643 περὶ

101 2674 156 2741 τῆς
169 2662 267 2741 πάσης
281 2668 396 2747 μέλλων
411 2668 567 2746 βασιλείας
582 2671 618 2728 Σ.
634 2668 708 2751 546,
732 2675 760 2729 οἱ
782 2661 892 2737 πάντες
907 2663 962 2747 λεῴ
981 2668 1016 2733 O.
1033 2670 1128 2752 1275,
1152 2669 1323 2750 θήμέτερον

100 2777 181 2834 ἅπαν
204 2775 289 2853 γένος
314 2775 357 2838 Λ.
383 2776 455 2857 137,
480 2774 562 2857 φέρω
586 2772 625 2834 τὰ
644 2781 699 2848 τῆς
720 2770 834 2844 πόλεως
858 2776 979 2835 ἅπαντα
1002 2775 1123 2857 βαρέως
1162 2770 1324 2858 πράγματα

101 2867 157 2948 En.
185 2882 256 2966 175,
279 2884 373 2943 τάλλα
395 2878 482 2942 πάντ’
509 2883 633 2963 ὀρνίθια
658 2881 819 2966 Oratim,
844 2882 975 2961 Νέμεσις
997 2882 1056 2947 ΠΙ.

192 3009 227 3073 B.
266 3008 300 3074 Si
334 3015 394 3078 πᾶς
422 3014 456 3072 et
489 3009 557 3078 ὅλος
570 3007 592 3092 ¹)
634 2993 670 3073 in
703 3008 929 3087 praedicativa
965 3007 1125 3088 positione
1161 3014 1246 3090 sunt,
1284 3010 1324 3072 de

102 3116 309 3183 substantivo
333 3116 393 3180 iarn
419 3114 634 3180 determinato
659 3114 756 3180 aliam
780 3115 972 3194 qualitatem
996 3115 1196 3197 praedicant.
1234 3114 1325 3196 Quae

104 3223 321 3289 attributione
346 3230 379 3287 et
402 3222 647 3303 praedicativae
671 3222 840 3302 positionis
864 3222 1048 3287 differentia
1071 3221 1144 3286 aliis
1168 3221 1287 3304 linguis
1299 3217 1324 3307 λ)

104 3350 168 3395 non
193 3330 475 3413 animadvertitur,
499 3336 537 3394 ut
560 3328 686 3395 Graece
898 3322 902 3326 ’

361 3457 389 3516 εἰ
409 3453 450 3534 μὴ
474 3456 621 3536 νατένιψε
643 3450 723 3537 χιδνι
746 3452 801 3528 τὴν
828 3449 953 3536 Θρᾴκην
978 3454 1058 3530 ὅλην,
1179 3456 1225 3516 A.
1253 3455 1325 3536 138,

106 3580 243 3645 Latine:
276 3581 353 3662 “nisi
387 3587 489 3646 totam
513 3581 684 3646 Thraciam
716 3579 792 3645 nive
825 3577 997 3660 cooperit',
1028 3597 1131 3658 aeque
1155 3597 1193 3642 ao
1220 3578 1247 3642 si
1270 3576 1325 3651 τὴν

105 3689 178 3760 ὅλην
205 3682 329 3767 Θρᾴκην
353 3688 473 3753 dietum
488 3693 583 3772 esset,
607 3707 677 3753 eum
692 3686 826 3752 Graecis
849 3686 883 3750 id
898 3685 1104 3750 audientibus
1127 3685 1211 3750 iliud
1226 3690 1325 3749 esset:

66 3781 69 3787 ’
106 3794 184 3878 “nisi
210 3795 387 3878 Thracian,
412 3800 445 3859 et
468 3795 502 3859 id
526 3797 624 3874 piane
648 3795 703 3859 vei
726 3799 838 3875 totam,
862 3792 939 3858 nive
963 3791 1133 3871 cooperit.”
1177 3792 1295 3872 ltaque

407 3921 423 3979 δ
446 3919 510 3989 τοῖς
533 3920 618 3989 θεοῖς
641 3919 753 3979 ἅπασιν
777 3912 1000 3996 ἕπιβουλεύται.
1198 3917 1236 3977 Ε.
1259 3918 1326 3982 404

107 4063 227 4143 quoin
251 4066 327 4129 deos
350 4102 393 4109 ——
416 4062 435 4127 i.
460 4082 485 4127 e.
509 4063 543 4127 in
567 4082 674 4128 onmes
699 4063 774 4127 deos
788 4098 832 4106 -
847 4060 1044 4126 coniuratuu.
1082 4059 1128 4126 of.
1152 4066 1322 4142 praeterea

179 4297 303 4380 ¹)¹Apud
321 4309 534 4380 Aristophanem
554 4303 612 4366 ὅλος
630 4326 773 4378 uunquam
792 4309 822 4364 in
841 4307 1008 4362 attributiva
1026 4306 1163 4376 positione
1177 4284 1325 4363 invenitur.

179 4399 201 4469 ²)
217 4390 260 4454 De
279 4400 443 4456 Germanico
461 4417 513 4454 usu
532 4400 565 4456 ei.
586 4399 731 4466 Κανώπου,
751 4400 795 4455 Gr.
816 4398 861 4453 Gr.
880 4399 914 4469 ΙΙ,
934 4399 949 4468 ξ
967 4399 1027 4452 465.
1048 4398 1073 4454 6.
1093 4412 1116 4450 e.
