3156 4966
653 188 696 255 95

274 391 289 445 δ
312 387 461 457 δἐύθέως
484 386 610 468 οίρχαῖον
634 384 686 447 εἶν’
710 385 824 467 ἔφασκε
847 383 883 444 τὸ
906 385 1075 465 κιθαρίζειν
1130 386 1168 449 Ν.
1194 383 1288 449 135Ἱ.

306 488 467 575 ἐπειδήπερ
490 516 523 573 χε
546 491 691 553 τοῖτ’ἑ’στ’
715 493 842 575 εὐνοεῖν,
865 489 901 550 τδ
924 486 1049 552 τίπτειν
1132 493 1169 556 Ν.
1195 492 1290 556 1412.

47 604 98 671 ὡς
123 601 182 661 οὐκ
206 595 325 679 άχιιθδν
350 602 414 661 εὀτι
436 598 472 659 τδ
502 601 622 679 ῥοφεῖν.
648 604 682 664 Σ.
707 602 781 667 982.
828 596 921 659 κακὸν
948 597 983 657 τδ
1006 600 1106 660 πίνειν
1130 602 1165 662 Σ.
1192 599 1288 663 1253.

50 704 124 767 οἷον
148 704 185 765 τὸ
207 707 306 767 τεκεῖν
330 707 375 773 Λ.
401 709 474 773 884.
521 709 572 767 καί
596 701 775 786 φασκούσας
797 708 832 767 οί
866 708 917 778 ζῆν
940 703 975 764 τά
1000 706 1059 779 ζῆν.
1083 708 1120 770 Β.
1148 706 1242 772 1082.

274 815 321 885 τίς
343 812 425 876 οίδεν
449 816 478 875 εἰ
498 812 533 873 τδ
558 816 608 888 ζῆν
631 814 687 892 μέν
716 815 780 874 ἐστι
803 813 979 889 κατθανεῖν,

278 918 313 980 τδ
328 921 415 982 πνεῖν
438 921 471 982 δι’
491 921 632 1004 δειπνεῖν,
655 919 690 979 τὸ
705 922 738 983 δὲ
753 915 916 982 καθεύδειν
930 914 1055 999 κῴδιον;
1079 921 1291 987 Β.1477-8.

56 1027 214 1114 (parodia
238 1046 279 1092 ex
303 1028 439 1113 δαείην).

56 1139 102 1204 ὥς
126 1133 161 1193 τδ
183 1130 324 1216 ταχῖνειν
347 1136 481 1216 χαρίτων
502 1135 620 1217 μετέχει
642 1134 783 1196 πλεῖστον
797 1131 881 1216 παρά
903 1135 984 1195 τοῖσι
997 1133 1127 1204 θεαταῖς
1150 1133 1290 1200 Βίκὸὃῖ.

404 1240 488 1324 παρά
511 1249 565 1316 τῆς
585 1237 715 1315 Ἑκάτης
733 1241 848 1315 ἔξεστιν
871 1248 963 1302 τοῦτο
986 1241 1157 1317 πυθέσθαι,

59 1348 123 1410 εἴτε
150 1347 182 1408 τὸ
206 1349 347 1411 πλουτεῖν
372 1349 431 1412 εἴτε
456 1348 490 1409 τὸ
514 1356 621 1422 πεινῆν
644 1350 775 1433 βέλτιον.
1083 1350 1126 1412 Π.
1150 1347 1291 1414 595-6.

314 1457 343 1516 τί
363 1457 409 1537 δέ,
432 1456 632 1535 ταύτομολεῖν
656 1456 778 1517 ἀστεῖον
802 1453 881 1517 είναί
904 1478 952 1516 σοι
974 1455 1076 1529 δοκεῖς
1131 1457 1172 1520 Π.
1198 1456 1293 1521 1150.

314 1558 453 1628 Λάναται
475 1561 533 1645 χάρ
558 1563 623 1625 ἴσον
646 1570 689 1643 τῷ
712 1563 788 1646 δρᾶν
810 1561 846 1622 τδ
870 1562 952 1624 νοεῖν
998 1562 1157 1627 Fab.1nc.
1174 1561 1292 1627 XCIX.

60 1664 192 1751 αι’σχάνη
224 1669 260 1730 τδ
293 1671 454 1737 κατειπεῖν,
501 1671 725 1754 Pherecrates,
758 1664 941 1748 Α’ὐτομδλοι
964 1669 989 1752 Ι,
1013 1670 1042 1734 2.
1087 1666 1123 1729 τά
1146 1674 1236 1748 χελοῖν
1259 1669 1293 1729 δὲ

60 1776 223 1860 κριδδέμεν
246 1777 394 1860 Stratis,
422 1778 583 1839 Φοινίσσαι
607 1777 666 1859 ΙΙΙ,
692 1779 719 1841 7.
940 1779 943 1784 ’
1220 1762 1226 1779 ⁸

199 1879 349 1964 ἐξεβλήθη
371 1879 546 1967 πρεσβίτης
569 1882 620 1961 (δν,
646 1884 693 1944 ὅτι
715 1890 772 1944 τοῦ
791 1877 949 1945 σκώπτειν·
975 1883 1149 1962 ἀπελείφθη
1181 1882 1291 1949 [525.

192 1983 195 1989 ’
207 1992 214 2010 2
240 1997 254 2011 υ
378 1987 383 2008 ί
520 1998 535 2012 u
617 1987 623 2009 ί
634 1994 646 2014 ρ
764 1994 771 2016 η

199 2014 252 2072 ερᾳ
276 2015 308 2053 τε
333 2014 453 2076 τουτου,
477 2015 534 2053 του
557 1992 695 2074 δικαςειν,
720 2016 769 2052 και
795 1991 901 2067 στένει,
1182 1992 1217 2054 Σ.
1241 1991 1292 2056 89.

200 2094 393 2170 ἐνστάζουσιν
416 2097 494 2160 κατά
512 2097 620 2181 μικρὸν
645 2101 701 2176 άει,
725 2106 783 2160 τοτ’·
797 2100 848 2172 ζῆν
863 2097 945 2179 ἕνεχ’,
972 2097 1070 2179 ὥσπερ
1085 2102 1146 2162 κτλ.
1171 2097 1292 2161 Σ.702.

201 2207 255 2267 οὐκ
280 2206 362 2267 ἔστιν
385 2209 475 2269 οὐδὲν
499 2214 555 2267 τοῦ
576 2207 727 2268 πέτεσθαι
749 2202 940 2289 γλυκύτερον·
1136 2205 1172 2268 0.
1198 2204 1292 2269 1343.

200 2320 257 2373 τοῦ
278 2312 336 2396 χολρ
359 2309 509 2396 τεχνάζειν
532 2315 677 2396 ἡμέτερος
700 2318 716 2372 δ
739 2319 907 2395 πυραμοῦς.
1180 2312 1217 2376 Θ.
1241 2312 1292 2376 94.

697 2421 760 2480 ἀλλ’
783 2421 839 2481 οὐκ
864 2413 1089 2498 ἐκομπολάκουν

388 2525 447 2586 άντδ
470 2534 528 2587 τοῦ
550 2527 675 2609 φρονεῖν
699 2522 879 2596 ἀποσπάσας
901 2532 962 2591 κτλ.
1090 2527 1128 2591 Β.
1151 2526 1292 2591 961-2.

200 2636 269 2716 περί
291 2635 347 2711 μὲν
369 2636 474 2694 τοίνυν
496 2641 553 2696 τοῦ
575 2634 768 2711 καινοτομεῖν
791 2631 832 2713 μή
856 2634 967 2716 δείσῃς·
990 2637 1050 2696 κτλ.
1140 2633 1195 2696 Εκ.
1219 2633 1293 2699 586.

228 2742 336 2823 ἄνδρες
354 2742 436 2821 φίλοι
455 2744 507 2802 καί
529 2736 659 2819 δημάται
682 2743 734 2801 καί
755 2747 813 2802 τοῦ
835 2739 939 2802 πονεῖν
958 2740 1092 2823 ἐρασταί,
1167 2740 1293 2805 11254.

228 2843 375 2909 σκώπτειν
388 2855 481 2930 πειρᾷ
493 2852 545 2910 καί
559 2849 714 2928 κωμῳδεῖν
728 2855 785 2909 τοῦ
799 2843 979 2920 σπουδάζειν
993 2841 1144 2926 ἀμελήσας
1168 2846 1293 2912 1L557.

228 2950 292 3039 δύο,
306 2950 473 3037 πρεσβύτα,
489 2951 685 3030 ξυνθιασώτα
700 2963 756 3016 τοῦ
770 2955 871 3038 ληρεῖν
888 2958 938 3015 καί
956 2954 1142 3036 παραπαίειν
1166 2953 1293 3019 1[.508.

442 3070 498 3125 τοῦ
520 3064 626 3143 λαβεῖν
649 3069 704 3142 μὲν
728 3059 782 3123 οὖν
805 3058 894 3145 χάριν
1131 3061 1172 3125 Π.
1200 3060 1293 3125 1009.

252 3171 366 3251 σκέψαι
388 3170 454 3253 χάρ,
479 3168 504 3232 οῖ
525 3166 692 3254 μειράκιον,
717 3171 750 3230 ἐν
772 3176 815 3248 τῷ
838 3169 1008 3251 σωφρονεῖν
1031 3167 1152 3228 ἅπαντα

252 3279 381 3355 ἅνεστιν,
407 3284 467 3343 κτλ,
1071 3277 1107 3340 Ν.
1133 3276 1293 3339 1171-2.

251 3385 372 3444 ἅπαντα
395 3392 438 3464 τῷ
456 3385 599 3446 πλουτεῖν
620 3379 677 3466 χάρ
702 3382 768 3446 ἐσθ’
791 3379 910 3458 ὑπήκοα
1150 3383 1196 3442 Π.
1224 3382 1294 3447 146.

160 3493 195 3550 Χ
201 3494 229 3556 P.
254 3493 309 3553 οὐκ
333 3492 396 3554 ἔστι
418 3516 466 3553 πω
488 3490 528 3552 τά
550 3487 734 3574 πράγματ’ἕν
757 3487 865 3571 τούτῳ.
912 3489 986 3554 ΒΛ,
1010 3490 1040 3549 τί
1064 3483 1135 3573 φής,

252 3600 289 3659 οὐ
311 3607 354 3678 τῷ
376 3601 580 3679 μεταδοῦναις
1043 3597 1084 3659 ΙΙ.
1109 3594 1294 3661 399-400.

251 3709 303 3767 καί
325 3707 496 3791 σωφρονεῖν
519 3703 560 3767 αὖ
583 3729 658 3787 φησι
680 3712 789 3788 χρῆναι
812 3701 868 3766 δύο
891 3701 973 3765 κακοί
996 3703 1134 3781 μεχίστω.

252 3815 318 3876 ε’πεί
341 3813 379 3876 σε)
401 3813 453 3876 διά
475 3813 511 3875 τὸ
535 3812 705 3896 σωφρονεῖν
727 3819 771 3892 τῷ
793 3807 907 3873 πώποτ’
931 3808 1008 3881 εἶδες
1031 3810 1098 3884 ἤδη

253 3918 371 4000 άχαθδν
394 3947 424 3983 τι
446 3916 616 4001 νενάμενον,
641 3914 768 4002 φράσον,
793 3923 853 3984 κτλ,
1069 3920 1107 3983 Ν.
1133 3916 1294 3982 1060-1.

252 4031 303 4089 καί
316 4027 372 4103 τήν
390 4029 483 4091 Θέτιν
505 4028 530 4108 χ’
546 4028 635 4108 ἔγημε
649 4025 701 4088 διά
723 4025 759 4086 τὸ
779 4025 948 4108 σωφρονεῖν
964 4029 980 4084 δ
995 4018 1126 4097 Πηλεύς.
1150 4026 1188 4087 Ν.
1201 4023 1294 4087 1067.

69 4133 121 4196 διὰ
145 4134 179 4195 τὸ
201 4141 291 4215 γελᾶν
313 4136 370 4201 Εκ.
396 4137 490 4202 1156.
748 4132 788 4210 ἰή,
813 4127 921 4216 παιών,
945 4127 985 4206 ἰή.

310 4246 370 4309 TP.
395 4245 487 4323 ἄφελε
510 4240 545 4302 τὸ
568 4243 678 4326 παίειν,
702 4242 764 4302 ἀλλ’
789 4239 819 4315 ίή
843 4235 936 4319 μόνον
959 4239 1032 4318 λέχε.

308 4353 381 4417 XO.
397 4351 428 4425 ἰή
452 4349 482 4425 ἰή
505 4351 620 4425 τοίνυν,
645 4347 675 4422 ἰή
699 4343 792 4427 μόνον
816 4347 902 4429 λέχω.
1091 4343 1130 4405 Ε.
1154 4342 1296 4425 454-6,
