3156 4966
616 1197 960 1308 Praefatio.

267 1502 306 1566 In
320 1502 382 1567 hoc
396 1501 480 1566 libro
491 1500 688 1566 conficiendo
699 1520 771 1566 cum
784 1503 961 1566 multorum
973 1500 1136 1565 hominum
1147 1499 1403 1565 doctissimorum

180 1607 331 1689 operibus
345 1614 414 1673 tum
434 1625 471 1672 eo
486 1607 653 1673 Kuehneri
668 1609 753 1688 quod
776 1607 965 1672 inscribitur
978 1605 1227 1685 „Ausfiihrliche
1237 1605 1404 1671 Gramma·

179 1716 230 1780 tik
254 1716 312 1779 der
335 1714 559 1796 griechischen
574 1715 745 1796 Sprache‚“
762 1712 785 1798 ¹)
810 1720 845 1778 et
868 1732 906 1779 eo
920 1713 1083 1797 Kruegeri
1106 1715 1193 1792 quod
1215 1713 1404 1778 inscribitur

183 1821 410 1900 „Griechische
434 1821 667 1903 Sprachlehre¹⁴
682 1817 709 1905 ²)
733 1839 809 1886 usus
832 1839 910 1886 sum.
1027 1844 1028 1849 ¹

268 1929 335 1993 Eos
363 1930 451 1993 locos
485 1947 564 2008 quos
597 1945 638 1992 ex
670 1927 809 2009 integris
836 1923 1065 2007 Aristophanis
1099 1926 1268 1992 comoediis
1301 1925 1403 1990 attuli

180 2054 221 2100 ex
235 2034 395 2100 Dindorfii
418 2035 612 2114 “Poetarum
630 2032 853 2100 scenicorum
864 2031 891 2119 ³)
915 2033 1057 2099 editione
1080 2032 1209 2117 sumpsi,
1232 2033 1265 2097 in
1289 2031 1404 2111 quibus

181 2150 216 2207 et
251 2141 376 2206 numeri
422 2147 456 2206 et
498 2142 634 2205 litterae
679 2140 824 2205 initiales
870 2143 913 2206 ad
957 2139 1187 2221 Aristophanis
1224 2138 1404 2204 comoedias

181 2247 379 2332 referuntur,
403 2254 441 2313 ut
463 2251 500 2310 A
525 2279 564 2300 =
586 2249 745 2329 Ἀχαρνῆς,
772 2250 794 2307 Ι
813 2280 854 2300 =
875 2250 998 2324 Ἰππῆς,
1024 2249 1060 2308 Ν
1077 2277 1116 2297 =
1142 2240 1288 2327 Νεφέλαι,
1313 2247 1341 2306 Σ
1364 2274 1405 2296 =

182 2358 313 2435 Σφῆκες,
346 2355 379 2415 Ε
410 2386 448 2408 -s
478 2349 607 2436 Εἰρήνη,
643 2353 672 2415 O
695 2384 735 2404 =
753 2353 911 2435 ”Omra
943 2353 979 2414 A
1003 2383 1043 2404 =
1068 2345 1280 2433 Λυσιστράτη,
1312 2350 1341 2412 Θ
1364 2381 1405 2402 --

186 2455 498 2543 Θεσμοφοριάζουσαι,
531 2462 561 2522 Β
583 2490 625 2512 ==
648 2455 815 2542 Βάτραχοι,
847 2459 895 2520 Εκ
928 2491 968 2514 r:
1001 2453 1273 2535 Ἐκκλησιάζουσαι,
1306 2458 1345 2518 Π
1364 2486 1404 2508 ==

182 2570 324 2638 Πλοῦτος
356 2574 441 2633 sunt.
505 2568 547 2631 Ei
579 2574 689 2632 autem
721 2567 797 2651 loci,
839 2585 919 2647 quos
951 2586 992 2630 ex
1025 2567 1142 2631 ceteris
1174 2563 1405 2645 Aristophanis

182 2674 353 2740 comoediis
385 2675 495 2758 attuli,
528 2676 571 2739 ad
594 2673 729 2756 Bergkii
762 2673 936 2738 editionem
968 2671 1158 2737 referuntur
1181 2689 1265 2752 quae
1297 2669 1404 2735 estin

182 2780 338 2846 Meinekii
355 2781 582 2867 “Fragmentis
597 2780 788 2845 comicorum
803 2777 1057 2863 Graecorum”,⁴)
1076 2797 1118 2844 ex
1132 2797 1197 2859 qua
1212 2777 1405 2843 collectione

181 2894 364 2953 ceterorum
378 2906 506 2968 quoque
523 2892 694 2968 poetarum
708 2888 796 2951 locos
811 2886 931 2966 sumpsi
946 2885 1063 2951 ceteris
1077 2885 1239 2951 hominum
1255 2883 1405 2948 eruditis-

182 2995 332 3060 simorum
357 2994 551 3059 editionibus
584 2995 717 3059 adrem
740 2993 968 3059 conferendam
991 3013 1056 3059 non
1079 2991 1248 3075 neglectis.
1294 2992 1404 3071 Atque

182 3120 253 3166 cum
285 3101 423 3165 maxime
459 3101 679 3165 Diverbia
711 3100 939 3181 Aristophanis
976 3100 1189 3181 respexissem
1227 3117 1281 3162 eos
1319 3100 1405 3161 locos

183 3207 470 3275 Cantioorum
493 3212 574 3272 nota
597 3207 735 3292 “lyrico”
759 3209 815 3273 vel
838 3207 960 3288 “chor”
984 3206 1173 3290 significavi.

255 3385 275 3454 ¹)
294 3382 397 3437 Zweite
416 3381 488 3438 Aufl.
525 3380 672 3437 Hannover
692 3383 840 3440 1869-72.

253 3472 274 3541 2)
294 3471 327 3528 V.
355 3471 427 3525 Aufl.
473 3470 567 3525 Berlin
596 3472 665 3526 1873
693 3475 721 3524 at
748 3470 1071 3526 Poetisoh·dialektische
1098 3469 1219 3538 syntax,
1256 3467 1302 3521 111.
1332 3465 1403 3522 Aufl.

182 3558 277 3615 Berlin
296 3561 375 3618 1871.

254 3648 327 3720 ³)V.
345 3648 397 3703 Ed.
434 3649 509 3719 Lips.
529 3650 605 3704 1869.

254 3739 276 3808 ⁴)
295 3736 357 3794 Vol.
376 3739 409 3792 Π.
447 3737 556 3808 Fragm.
576 3738 653 3796 Post.
672 3738 747 3791 Com.
767 3736 863 3804 Antiq.
901 3736 990 3792 Barol.
1006 3737 1156 3793 1839-40.
