3156 4966
756 155 800 219 60

998 375 1108 432 μαχων

460 458 622 538 ἐξελκύσαι
640 456 698 541 την
717 462 816 523 πᾶσιν
835 457 981 542 Εἰρήνην
1000 460 1108 543 φίλην.
1187 452 1225 517 Ε.
1250 451 1453 516 293!

457 564 496 631 τό
518 590 548 631 τε
566 569 624 641 τάς
649 560 752 650 [vulg.
778 561 848 651 τῆς]
875 561 1106 647 ἀγανόφρονος
1121 557 1275 642 Ἡσυχίας

462 671 622 755 εύάμερον
640 670 824 754 πρόσωπον.
1168 665 1202 730 O.
1229 656 1453 730 1321-22

460 779 478 845 ὁ
501 779 647 863 Πόλεμος
665 778 769 863 αὐτὴν
789 776 906 861 ἐνέβαλ’
928 780 972 853 εἰς
991 776 1112 856 ἀντρον
1131 771 1232 857 βαθύ.
1263 771 1303 833 Ε.
1317 750 1453 836 223

173 891 346 969 praeterea
369 905 432 952 vss.
457 887 531 968 205,
555 886 627 950 310.

219 994 255 1060 τὸ
275 993 335 1076 γάρ
355 993 530 1076 ἀντιλέγεται
549 997 670 1077 τολμᾶν
691 995 776 1077 apua
795 991 838 1068 ὡς
857 990 897 1057 ού
917 989 1010 1056 πάντ’
1030 987 1091 1055 ἔστ’
1113 984 1212 1071 ἀγάθ’
1235 983 1313 1068 ύμῖν
1340 1070 1344 1079 ι

219 1102 272 1167 διά
292 1101 350 1185 τὴν
371 1103 502 1167 Πενίαν.
1184 1094 1225 1157 Π.
1251 1081 1422 1159 593-‘41

173 1214 208 1273 ct
229 1207 278 1272 ita
301 1226 347 1273 vs.
371 1209 444 1273 618.

252 1307 298 1397 ἀρ’
321 1315 363 1380 ἀν
383 1319 541 1399 βλαβῆναι
560 1313 612 1379 διά
632 1315 754 1397 χρόνου
773 1314 803 1376 τί
823 1332 873 1377 σοι
893 1315 989 1384 δοκῶ,

251 1414 275 1487 ἀ
296 1421 431 1488 δέσποθ’
449 1422 566 1504 Ἑρμῆ,
588 1425 643 1504 της
658 1417 807 1500 Ὀπώρας
827 1416 1013 1493 κατελάσας,
1063 1415 1099 1480 Ε.
1116 1416 1257 1485 tlt-2,
1272 1420 1307 1478 et
1322 1411 1385 1490 706,

252 1521 277 1593 ιδ
296 1531 437 1613 μακαρία
457 1526 559 1611 βουλὴ
580 1526 620 1591 σύ
638 1531 694 1610 της
714 1528 868 1606 Θεωρίας,
1259 1515 1298 1586 Ε.
1322 1515 1385 1599 715,

252 1637 305 1701 καὶ
324 1634 383 1718 τὴν
401 1632 574 1699 Βασίλειάν
593 1652 644 1698 σοι
662 1629 785 1714 γυναῖκ’
807 1634 886 1714 ἔχειν
905 1635 992 1715 διδῷ.

256 1747 325 1806 ΠΕ.
346 1743 393 1816 τίς
412 1742 496 1805 ἐστιν
516 1739 534 1823 ἡ
557 1741 720 1812 Βασίλειας
1172 1736 1207 1800 Ο.
1232 1734 1390 1800 1536-7.

266 1866 307 1930 Π.
340 1864 388 1929 Ut
420 1863 629 1945 appellativis
662 1861 841 1928 nominibus
873 1861 1033 1926 articulus
1056 1859 1199 1942 additur,
1230 1865 1270 1923 ut
1298 1878 1394 1941 supra

177 1973 196 2059 ξ
220 1976 249 2038 6.
273 1973 300 2036 Β
324 1970 521 2053 explicatum
545 1975 604 2053 est,
627 1969 676 2034 ita
699 1968 879 2034 nominibus
906 1968 1081 2033 abstractis
1105 1970 1175 2033 loco
1198 1966 1397 2049 pronominis

176 2078 349 2163 possessivi
372 2076 518 2142 additur:

391 2201 435 2287 μά
455 2200 513 2266 τόυ
535 2199 600 2277 Δί’,
624 2199 664 2266 ού
683 2205 765 2285 ζηλῶ
785 2218 819 2266 σε
837 2206 893 2286 τῆς
911 2200 1113 2277 παιδεύσεως.
1263 2199 1301 2264 Θ.
1329 2199 1403 2282 173,

395 2312 476 2394 ζηλῶ
496 2326 529 2374 σε
548 2311 604 2392 της
623 2305 822 2413 εὐγλωττίας.
1277 2308 1304 2371 Ι.
1331 2307 1408 2389 837,
1449 2396 1451 2405 Ι

700 2413 746 2479 ὠν
765 2410 828 2479 ύπό
849 2418 905 2498 τῆς
923 2418 1095 2497 φειδωλίας
1110 2412 1134 2498 ¹)
1447 2418 1451 2487 λ

396 2521 576 2604 ἀπεκείρατ’
598 2519 705 2597 οὐδεὶς
723 2519 850 2586 πώποτ’
872 2519 944 2586 οὐδ’
965 2521 1128 2607 ἠλείψατο,
1196 2522 1234 2584 Ν.
1259 2520 1411 2603 835-6,
1446 2498 1451 2525 '

822 2630 871 2693 καί
899 2629 1012 2704 σκέψαι
1034 2625 1062 2714 μ’
1090 2631 1153 2713 ὅτῳ

395 2732 516 2818 μάλιστ’
542 2737 629 2799 έοικα
651 2735 710 2819 τὴν
733 2734 864 2818 βάδισιν
886 2739 952 2800 τῶν
973 2739 1149 2802 πλουσίων.
1188 2737 1223 2799 Σ.
1239 2734 1411 2820 1170-1,

93 2921 97 2930 1
398 2841 447 2907 ὅτι
472 2839 488 2926 ἡ
512 2845 640 2926 ποίησις
663 2844 735 2924 ου’χὶ
759 2841 954 2927 συντέθνηκέ
976 2869 1042 2926 μοι,
1266 2841 1306 2908 Β.
1333 2845 1411 2924 868,

183 2957 356 3032 praeterea
380 2969 426 3014 vs.
450 2949 524 3029 907,
547 2954 583 3012 et
607 2952 767 3024 Δαναΐδες
791 2948 883 3031 XIII,

398 3054 465 3121 ἀλλ’
487 3055 546 3140 οὐχ
566 3052 635 3130 οίὸς
653 3053 680 3119 τ’
702 3053 756 3136 εἴμ’
779 3053 983 3140 ἀποσοβῆσαι
1001 3055 1059 3121 τὸν
1078 3057 1185 3138 γέλων,
1290 3059 1331 3124 Β.
1356 3060 1412 3141 45,

630 3161 735 3226 πάντα
754 3160 783 3226 δ’
806 3158 869 3226 ύπό
890 3165 945 3246 τῆς
963 3161 1084 3246 ἡδονῆς

401 3273 552 3334 ποιοῦσιν
571 3268 651 3349 ἅπερ
671 3266 800 3349 ὄρνιθες
820 3267 1055 3352 ἐκμιμούμενοι.
1182 3270 1216 3334 0.
1243 3271 1414 3357 1284-5,

185 3386 220 3445 et
243 3380 285 3443 Π.
309 3377 382 3442 753.

275 3503 333 3568 ΠΙ.
366 3501 536 3567 ,articulus
568 3519 666 3582 saepe
697 3501 877 3565 nominibus
910 3501 1085 3566 abstractis
1118 3500 1260 3586 additur,
1292 3504 1321 3568 si
1346 3507 1413 3572 virn

188 3613 286 3693 plane
319 3609 503 3674 universam
536 3609 666 3672 habent.
723 3607 784 3690 Qui
817 3626 893 3672 usus
925 3607 958 3673 in
992 3608 1037 3672 cis
1070 3608 1206 3674 maxime
1233 3612 1415 3679 sententiis

187 3716 364 3798 inuenitur,
388 3733 471 3795 quae
494 3714 659 3797 prouerbii
682 3720 832 3780 naturam
854 3715 985 3798 habent,
1010 3720 1047 3779 ut

404 3822 423 3906 ἠ
443 3824 631 3906 δημαγωγία
649 3823 711 3904 γάρ
732 3821 772 3887 ού
792 3819 874 3902 πρὸς
892 3826 1050 3904 μουσικοῦ

404 3925 445 3992 ἔτ’
468 3929 552 3993 ἐστὶν
571 3926 691 4008 ἀνδρὸς
709 3926 786 3994 ούδέ
805 3931 945 4011 χρηστοῦ
964 3927 1041 4005 τούς
1059 3927 1210 4010 τρόπους,

406 4032 471 4098 ἀλλ’
492 4038 535 4110 είς
555 4033 666 4118 ἀμαθῆ
686 4035 739 4098 καί
758 4032 926 4116 βδελυρόν,
952 4042 1016 4100 κτλ.
1216 4040 1241 4102 Ι.
1270 4040 1415 4124 llll—3,

191 4162 400 4171 ,---—----

264 4211 283 4278 ¹)
302 4208 473 4262 Hermannus
501 4210 569 4263 nota
596 4209 632 4262 ad
658 4208 732 4262 hunc
760 4226 867 4264 versum
888 4208 964 4278 dicit,
994 4209 1140 4278 ndicuntur
1158 4212 1229 4267 talia
1246 4215 1415 4289 plerumque

190 4300 249 4356 sine
267 4297 411 4353 articulo.”
