3156 4966
336 372 353 442 ὁ
377 377 471 461 ταχὺς
494 376 577 460 ι’ίγαν
601 377 658 461 τὴν
680 375 848 462 μουσικὴν,

334 489 398 549 κτλ.
1024 486 1068 550 A.
1093 483 1251 551 848—51
1280 484 1397 569 (chon),

173 596 265 655 caret
289 596 397 655 autern
421 609 458 655 eo
468 588 493 673 ¹)
516 589 549 655 in

431 696 495 762 ἀλλ’
522 691 637 780 σίγαίδ,
665 697 741 764 οὐδὲ
764 698 922 783 μουσικὴν
945 700 1122 784 ἐπίσταμαι,
1275 701 1302 764 Ι.
1329 699 1397 781 188,

173 809 208 868 et
231 803 279 868 ita
301 803 334 868 in
358 806 395 868 Β.
420 804 494 885 729,
519 806 591 887 797,
616 806 710 888 1493,
735 807 776 871 Π.
803 808 874 887 100,
897 805 1050 872 Cratinus
1073 806 1153 871 Fab.
1177 806 1247 870 Ino.
1268 805 1397 888 CXLII,

173 909 309 990 Eupolis
331 908 429 990 Αίγες
452 911 493 994 Χ,
517 910 598 977 rao.
621 913 686 978 Ino.
709 913 735 995 Ι,
759 916 788 994 8,
812 919 846 977 et
869 913 905 976 L.

263 1021 480 1103 τραγῳδία
506 1018 680 1085 articulum
702 1020 804 1084 habet
825 1019 859 1084 in

386 1123 404 1192 ὁ
428 1124 650 1212 σμικρότατος,
679 1127 715 1204 ὃς
736 1125 796 1212 τὴν
817 1130 1001 1214 τραγῳδίαν
1022 1134 1115 1191 ποιεῖ.
1239 1129 1278 1191 Σ.
1305 1127 1398 1209 1511,

386 1233 470 1312 ἅπαξ
492 1234 765 1319 προσουρήσαντα
788 1237 825 1319 τῇ
844 1237 1006 1319 τραγῳδίᾳ
1285 1234 1325 1296 Β.
1349 1233 1398 1316 95,
1418 1270 1421 1277 ·

385 1342 416 1406 τί
434 1341 484 1416 δίς
511 1340 767 1425 μειαγωγήσουσι
784 1339 843 1424 τὴν
861 1342 1059 1424 τραγῳδίαν;
1259 1341 1301 1404 Β.
1327 1339 1397 1422 798,

173 1452 348 1525 praeterea
371 1447 404 1511 in
427 1447 461 1511 0.
484 1447 556 1530 101,
576 1447 618 1511 Λ.
640 1448 711 1528 138,
735 1447 771 1510 0.
785 1447 860 1527 480,
879 1447 916 1512 Β.
932 1447 1005 1528 802,
1024 1447 1097 1530 834,
1116 1447 1189 1527 862,
1209 1446 1396 1530 9131120.

260 1551 431 1618 Articuluo
454 1558 565 1619 autem
588 1553 754 1619 omittitur
776 1552 809 1618 in

387 1659 471 1744 οίτοίρ
489 1663 520 1726 τί
538 1659 576 1726 τοί
598 1657 680 1744 ῥάκι’
703 1661 736 1724 ἐκ
755 1663 934 1744 τραγῳδίας
946 1661 1032 1744 ἔχεις,
1049 1713 1051 1718 ,
1437 1720 1440 1729 .

386 1764 492 1851 ἐσθῆτ’
514 1766 652 1851 {intirim
1183 1768 1229 1832 Λ.
1253 1768 1394 1850 412-3,
1438 1826 1440 1855 ÷

387 1873 405 1940 δ
429 1875 463 1940 δέ
485 1899 531 1950 τις
549 1872 607 1940 τὸν
626 1870 729 1940 αὑτοῦ
749 1892 849 1957 φησιν
868 1874 918 1939 ἐπὶ
937 1877 1099 1960 τραγῳδίᾳ
1437 1890 1440 1901 “

390 1980 633 2061 ἀνεπτερῶσθαι
652 1986 716 2044 κτλ.
1170 1981 1205 2045 O.
1233 1980 1395 2059 1444-5,

387 2091 464 2164 ἴσως
479 2086 614 2168 Ἐρινύς
634 2087 719 2152 ἔστιν
740 2086 773 2151 ἐκ
792 2090 971 2170 τραγῳδίας
1255 2089 1300 2153 Π.
1327 2087 1395 2170 423,

172 2201 208 2260 et
230 2195 275 2258 Α.
299 2195 373 2275 400,
398 2196 425 2259 Ι.
448 2194 524 2276 401,
550 2192 587 2258 Ε,
613 2193 685 2274 148,
709 2193 746 2257 B.
771 2193 822 2275 90,
846 2193 919 2258 935.

263 2326 343 2384 τρο
356 2326 375 2384 γ
387 2328 412 2387 ῳ
426 2304 501 2369 δία
525 2299 574 2366 bie
597 2299 667 2365 sine
689 2299 829 2365 articulo
852 2299 1034 2366 invenitur:

386 2409 488 2493 μέλλω
510 2411 582 2490 περὶ
605 2412 661 2493 τῆς
683 2405 817 2484 πόλεως,
843 2410 1026 2489 τρυγωδίαν
1048 2412 1162 2474 ποιων.

384 2521 420 2582 τδ
444 2518 507 2599 γὰρ
530 2519 656 2582 δίκαιον
679 2513 747 2582 οἶδε
769 2519 823 2580 καί
844 2516 1019 2598 τρυγῳδία,
1139 2516 1184 2579 A.
1208 2512 1416 2584 499—500.'

262 2625 428 2703 κωμῳδία
451 2643 522 2689 cnm
545 2621 732 2705 pronomine
756 2621 1013 2688 demonstrativo
1033 2621 1236 2687 coniunctum
1258 2624 1301 2704 (p.
1327 2624 1398 2703 104)
1433 2686 1440 2715 -.

173 2730 345 2796 articulum
381 2732 481 2796 habet
517 2731 551 2796 in
590 2732 642 2816 ἥδ’
669 2733 688 2818 ἡ
724 2733 877 2815 κωμῳδία
917 2731 955 2793 Ν.
993 2728 1074 2809 534;
1112 2747 1180 2794 oum
1213 2732 1397 2808 possessivo

175 2838 361 2921 pronomine
385 2838 590 2903 coniunctum
617 2842 657 2921 (p.
684 2839 759 2920 101)
792 2837 825 2901 in
852 2843 917 2904 τῶν
942 2838 1026 2920 ἐμῶν
1049 2841 1227 2920 κωμῳδιῶν
1253 2838 1295 2901 N.
1320 2837 1396 2917 5223

174 2965 244 3011 cnm
268 2945 423 3010 adverbio
447 2944 601 3012 adiectivi
615 2948 686 3011 loeo
712 2944 916 3010 coniunctum
940 2947 980 3026 (p.
1005 2945 1057 3027 87,
1075 2946 1112 3006 A
1126 2943 1172 3029 Π)
1196 2943 1231 3008 in
1258 2945 1314 3011 διὰ
1341 2946 1395 3030 τὴν

177 3058 290 3137 πέρασι
313 3057 485 3139 κωμῳδίαν
505 3064 541 3119 Α.
565 3054 639 3118 378.
685 3051 834 3117 Articulo
859 3052 1005 3117 taretin

477 3163 646 3245 κωμῳδίας
670 3164 703 3225 δὲ
727 3163 883 3243 φορτικῆς
905 3157 1103 3242 σοφώτερον.
1286 3161 1323 3225 Σ.
1349 3159 1400 3242 66,

174 3275 208 3334 et
477 3269 573 3351 σκεύη
598 3265 727 3351 φίροοσ’
754 3265 896 3332 ἑκάστοτ’
923 3267 957 3331 ἐν
980 3269 1140 3352 κωμῳδία.
1283 3267 1323 3331 Β.
1350 3269 1400 3351 15,

173 3375 199 3439 is
223 3382 331 3440 eutem
354 3394 467 3443 versus
491 3394 511 3440 a
533 3375 700 3441 Dindorfio
723 3375 845 3441 eiectus
869 3380 927 3440 est.

391 3644 413 3724 g
437 3640 469 3705 8.
503 3639 554 3705 οο
578 3639 723 3706 articuli
746 3639 783 3704 in
807 3638 1073 3706 coordinatione
1096 3656 1170 3705 usu.

263 3784 298 3850 Si
330 3787 391 3850 duo
425 3785 479 3849 vel
512 3787 609 3864 plura
640 3784 771 3850 nomina
803 3784 995 3849 coordinata
1022 3802 1157 3863 nequem
1181 3782 1248 3849 vim
1271 3785 1401 3853 habent

174 3891 208 3957 in
232 3892 406 3975 sententia,

174 4019 308 4026 ——.--.
338 4022 346 4025 ..
365 4021 385 4025 .-

247 4068 266 4134 1)
286 4066 422 4135 “Omnino
449 4067 525 4122 haud
554 4067 668 4138 exignus
695 4071 736 4122 est
763 4084 891 4121 numerus
914 4065 1057 4121 nominum
1076 4065 1193 4120 a1tionlo
1213 4083 1323 4138 semper
1342 4072 1400 4127 fere

175 4157 339 4212 carentium:
368 4157 444 4210 velut
469 4157 586 4224 μουσικὴ,
615 4157 690 4224 quod
717 4156 812 4210 statim
841 4155 972 4224 seqnitur,
1000 4154 1049 4208 ubi
1076 4155 1099 4207 si
1124 4155 1187 4223 quis
1217 4155 1398 4215 scribendum

175 4246 296 4300 censeret
322 4246 367 4312 τῆς
393 4244 516 4314 μουσικῆς
542 4243 642 4315 εὐρετὴι
668 4244 824 4300 hellenismi
851 4261 950 4315 porum
978 4261 1006 4298 oe
1034 4243 1165 4299 callidum
1194 4245 1343 4315 proderot”
1364 4281 1397 4292 -

176 4333 345 4402 Sohaemus,
363 4335 454 4392 Melet.
474 4333 540 4390 erit.
568 4351 632 4408 pag.
650 4338 676 4393 4.
