3112 4972
711 255 871 354 „ii-

180 457 241 512 τῶν
263 446 423 533 παρόντων
445 446 629 533 πραγμάτων
657 451 701 517 Λ.
726 452 798 519 650.
845 450 900 527 τὴν
924 453 1131 543 ε’πανθοῦσαν1
1153 451 1242 534 τρίχα
1269 451 1325 516 Εκ.
1351 451 1402 516 13.

180 556 237 632 τὴν
260 559 406 619 ἐπιοῦσαν
430 558 544 639 ἡμέραν
568 559 625 619 Εκ.
652 559 722 623 105.
769 560 833 631 τοῖς
855 557 896 638 μὴ
920 566 1070 641 παροῦσιν
1094 560 1233 641 ὀρθρίοις
1256 559 1403 624 Εκ.283»
1493 588 1496 592 ’

269 665 380 730 Etiam
403 665 437 730 in
459 665 644 747 appositivo
668 666 866 733 attributivo
890 668 1062 733 verborum
1086 665 1215 731 ordine:

227 787 281 851 τόν
304 786 401 873 φόρον
425 792 496 869 ἡμῖν
520 788 580 850 ἀπὸ
604 797 665 850 τῶν
688 786 803 853 πόλεων
827 785 997 871 ξυλληβδην
1011 789 1065 851 τόν
1087 786 1254 873 προσιόντα
1277 795 1313 856 Σ.
1328 792 1403 856 657.

391 918 405 936 11

386 942 424 991 ην
447 939 479 978 τε
501 922 562 976 τῶν
586 911 743 999 τυράννων
766 918 813 986 τίς
836 940 904 976 τινα
927 923 987 976 τῶν
1006 911 1200 990 τεθνηκότων

386 1024 549 1106 ἀποκτείνῃ
1181 1025 1216 1085 O.
1243 1023 1404 1089 1074-5,

385 1150 436 1209 καί
458 1149 551 1207 τᾶλλα
574 1145 612 1206 τά
636 1142 726 1222 σκεῦη
751 1145 789 1207 τά
812 1149 1056 1230 προσκεκλημένα
1271 1152 1306 1214 Σ.
1330 1149 1404 1215 939.

386 1273 463 1347 ξένη,
488 1274 534 1341 τίς
557 1276 575 1346 ἡ
598 1279 692 1353 γραῦς
716 1277 733 1345 ἡ
757 1268 992 1355 κακορροθοῦσά
1016 1297 1067 1348 σε,
1276 1277 1311 1338 Θ.
1331 1276 1405 1340 896.

181 1403 238 1458 τοῦ
281 1392 439 1479 χρώματος
483 1403 539 1456 τοῦ
583 1392 808 1479 παρεστηκότος
856 1402 881 1462 Ι.
919 1400 992 1464 399.
1065 1396 1137 1468 τοῦς
1182 1398 1290 1480 ὅρκους
1334 1395 1407 1468 τοῦς

182 1505 415 1582 νενομισμένους
442 1504 479 1564 Θ.
504 1503 643 1568 358-9.
691 1511 719 1564 οἱ
742 1505 825 1583 φίλοι
849 1512 877 1564 οἱ
900 1500 1079 1585 φαινόμενοι
1102 1507 1144 1570 Π.
1165 1507 1304 1570 782··-3.
1342 1506 1407 1574 τοῖς

184 1605 288 1689 νόμοις
311 1611 375 1680 τοῖς
398 1610 547 1688 κειμένοις
569 1613 612 1674 Π.
636 1612 710 1677 914.
757 1612 866 1689 σημεῖα
889 1613 927 1670 τά
952 1613 1127 1691 ξυγκείμενα
1150 1612 1205 1675 Εκ.
1230 1614 1259 1677 6.

271 1718 313 1784 Η.
338 1717 597 1798 praedicativam
620 1716 811 1798 positionem
836 1718 868 1781 iu

183 1850 274 1904 τοῦτο
297 1846 352 1921 μέν
376 1840 462 1912 εἰδῶς
486 1842 588 1904 ἀπαθε
612 1837 744 1921 Μάγνης
768 1844 831 1920 ἅμα
854 1843 921 1911 ταῖς
942 1845 1062 1912 πολιαῖς
1085 1839 1268 1920 κατιοῦσαις,
1295 1845 1406 1910 [520.

792 1967 840 2028 ter
863 1991 919 2027 νυν
943 1969 1035 2051 ἄθρει

462 2072 526 2135 οἷον
548 2072 625 2156 πρὸς
649 2069 775 2147 ἀλλήλας
799 2079 940 2135 λαλοῦσιν
964 2084 995 2135 αἱ
1017 2072 1118 2147 πόλεις

463 2182 669 2261 διαλλαγεῖσαι
691 2183 742 2241 καί
763 2185 888 2260 γελῶσιν
912 2183 1047 2261 ἄσμεναι,
1182 2186 1220 2250 Ε.
1244 2186 1408 2252 538-40.

464 2308 632 2387 ἀφιεμένην
654 2305 711 2381 τήν
735 2305 864 2386 λαμπάδ’
889 2309 1034 2370 ἐντεῦθεν
1057 2317 1130 2387 θεῶ,
1271 2312 1308 2377 Β.
1335 2313 1407 2377 131.

401 2478 406 2487 ,
440 2434 491 2493 καί
514 2427 568 2502 τάς
590 2455 623 2511 γε
646 2427 755 2503 δοόλας
778 2434 847 2514 οῦχί
870 2434 917 2494 δεῖ
938 2434 1146 2513 κοσμουμένας

442 2539 498 2614 τὴν
521 2546 582 2599 τῶν
607 2539 777 2621 ἐλευθέρων
795 2536 982 2623 ὑφαρπάζειν
1006 2536 1128 2623 Κῦπριν
1188 2542 1243 2606 Εκ.
1267 2543 1408 2608 721-2.

185 2674 213 2728 ol
235 2668 376 2727 δικασταί
399 2717 405 2729 .
430 2720 437 2732 ,
462 2719 468 2731 ,
493 2718 499 2729 .
524 2659 758 2743 ἀναμασώμενοι
790 2668 825 2730 Σ.
851 2668 1002 2732 782-3,“
1035 2665 1092 2741 την
1121 2662 1249 2746 λαμπάδ’
1273 2669 1410 2745 ἡμμένην

185 2773 228 2838 Λ.
245 2775 319 2838 316.
357 2767 604 2854 ἡλαχανόπωλις
626 2756 856 2853 παραβλέψασά
875 2777 911 2838 Σ.
928 2775 1003 2839 497.
1036 2774 1136 2835 ταῖσιν
1152 2775 1237 2853 ε’μάις
1251 2769 1410 2853 δημότισιν

185 2881 347 2959 καομέναις
378 2880 421 2945 Λ.
446 2881 586 2945 332-3.
634 2877 750 2957 ἡγονή
774 2879 971 2961 δ’ἀρχουμένη
1000 2881 1044 2943 Λ.
1068 2881 1141 2946 392,
1189 2882 1270 2942 ταῖσι
1291 2884 1410 2960 γυναιξί

186 2989 409 3070 ξυλλεχθείσαις
423 2986 468 3051 Λ.
483 2986 555 3052 526.
593 2987 639 3051 m
657 2987 692 3050 iu
707 2986 863 3068 genetivo
878 2988 1028 3052 absoluto
1043 2987 1251 3068 participium
1274 3008 1410 3070 semper,

153 3125 157 3134 ¹
187 3102 378 3160 νίσσονται
403 3100 462 3176 est,
486 3093 742 3172 praedicativam
767 3093 959 3172 positionem
983 3095 1100 3160 habet:

298 3240 507 3300 ἐκπιπτουσῶν
529 3244 591 3297 τῶν
616 3238 767 3318 ἠλέκτρων
790 3239 840 3298 καί
864 3245 920 3298 τοῦ
942 3232 1034 3298 τόνου
1057 3238 1155 3298 οὐκέτ’
1180 3232 1300 3307 ἐνόντος
1379 3230 1385 3239 ’

297 3353 358 3406 τῶν
382 3350 414 3408 θ’
438 3350 592 3428 ἁρμονιῶν
615 3346 853 3424 διαχασκουσῶν.
1220 3347 1246 3409 Ι,
1270 3346 1411 3411 532-3,

399 3471 489 3551 οἴμοι,
513 3472 544 3531 τί
567 3465 669 3552 δράσω
692 3476 966 3552 παραφρονοῦντος
988 3477 1044 3530 τοῦ
1065 3466 1196 3553 πατρός;
1273 3471 1311 3536 Ν.
1336 3472 1412 3535 844.

188 3614 278 3678 cuius
311 3613 563 3680 constructionis
596 3612 663 3677 alia
696 3614 845 3693 exempla
876 3619 954 3679 sunt
986 3616 1023 3678 N.
1049 3613 1143 3696 1053,
1176 3616 1211 3678 Σ.
1237 3615 1309 3696 198,
1336 3576 1413 3696 252,

189 3721 262 3803 782,
285 3719 323 3785 Ε.
349 3722 443 3804 1139,
469 3721 563 3804 1143,
591 3720 626 3784 0.
652 3721 747 3801 1183,
770 3720 814 3786 A.
837 3722 912 3802 499,
940 3721 976 3785 Θ.
1000 3720 1074 3803 564,
1098 3720 1154 3786 Εκ.
1178 3723 1229 3803 89,
1255 3720 1347 3786 1059.

361 3933 384 4017 3
406 3931 440 4002 3.
482 3931 534 3998 Bo
557 3931 709 3998 articulo
733 3949 813 3998 oum
838 3931 1016 4000 adverbiis
1040 3931 1238 3999 coniuncto.

277 4075 445 4142 Adverbia
477 4076 632 4157 temporis
665 4080 700 4140 et
732 4077 810 4161 loci,
842 4078 947 4143 rarius
972 4076 1153 4160 qualitatis,
1178 4096 1247 4142 cum
1271 4075 1413 4140 articulo

190 4183 363 4251 coniuncta
396 4183 462 4249 vim
494 4185 617 4249 habent
653 4183 854 4250 substantivi
892 4185 946 4252 vel
985 4166 1153 4266 adieetivi,
1190 4202 1265 4249 raro
1302 4187 1415 4248 autem

190 4291 348 4358 articulus
373 4290 437 4357 vim
461 4290 608 4357 adverbii
631 4311 696 4358 non
720 4298 836 4375 mutat,
860 4295 919 4360 secl
941 4298 1049 4373 auget.

278 4399 316 4467 A.
339 4398 507 4467 Advorbia
530 4399 685 4483 temporis
710 4398 775 4468 vim
798 4399 922 4470 habent
