3156 4966
713 249 872 354 η32-

251 429 309 505 ’λλ
333 439 438 521 Saepe
468 441 564 507 metri
595 442 723 508 ratione
751 443 866 509 habita
888 443 1047 509 articulus
1071 462 1091 507 a
1114 443 1321 509 substantivo
1345 463 1402 509 suo

183 546 257 611 aliis
280 547 389 613 verbis
412 548 602 633 seiungitur‚
636 549 763 614 etiamsi
794 569 859 616 non
883 554 960 615 sunt
990 549 1189 616 attributiva
1211 550 1305 614 huius
1329 552 1402 614 sub·

184 653 324 720 stantivi
347 659 384 719 ut
474 712 475 716 ,
526 704 527 707 ,
912 725 914 728 ,

393 776 432 837 τοὶ
454 774 585 858 δημόσια
607 777 663 864 γὰρ
686 786 950 863 μισθοφοροῦντες
971 776 1113 863 χρὴματα
1135 781 1192 847 Εκ.
1215 782 1289 848 206.

312 865 314 870 s
392 885 429 944 τό
450 892 505 960 τῆς
525 884 668 966 γυναικὸς
689 887 847 970 δ’άμπέχει
869 882 1027 968 perducem
1053 888 1090 953 Ε.
1115 889 1188 954 874.

392 998 454 1052 τῶν
476 998 530 1067 τῆς
551 988 666 1064 πόλεως
688 995 744 1073 εἶμ’
771 991 948 1075 ἐπιμελητὴς
970 989 1154 1076 πραγμάτων
1177 997 1219 1059 Π.
1243 995 1316 1060 907.

182 1102 198 1157 d
221 1098 383 1168 θεσπέσιος
415 1095 468 1171 ὀξθ
498 1097 586 1176 μέλος
609 1099 718 1181 ἀχέτας
744 1101 780 1162 O.
805 1099 900 1166 1095,
945 1106 1003 1160 τοῦ
1025 1105 1133 1161 λοιποῦ
1153 1099 1219 1161 ποτ’
1243 1101 1403 1180 ἀφέλωμαι

181 1199 292 1287 χρόνον
329 1210 369 1271 Β.
393 1203 466 1293 586.
511 1202 547 1264 τὸ
576 1200 693 1267 Ῥόδιον
725 1207 850 1285 ἤνεγκον
881 1201 987 1289 μύρον.
1038 1213 1083 1282 Λ.
1111 1208 1185 1273 944.
1231 1204 1270 1266 τὰ
1301 1201 1402 1286 μεγάλ’

181 1298 501 1390 ἡμεῖςΠοιναθὴνοιια
528 1319 571 1378 Ε.
595 1314 668 1379 418.
698 1321 746 1373 οἱ
768 1314 876 1397 μορίαι
903 1336 940 1392 με
967 1313 1109 1395 μηχαναί.
1159 1315 1196 1375 Θ.
1221 1315 1293 1379 927.
1339 1321 1401 1374 τῶν

179 1412 272 1478 πάλαι
294 1418 477 1497 μεμνημένοι
499 1406 658 1501 διφθερῶν
679 1419 865 1499 κάξωμίδων,
904 1423 939 1486 Σ.
962 1421 1104 1485 443-4.
1149 1420 1227 1484 Alia
1251 1424 1402 1500 exempla

182 1530 277 1592 sunt:
302 1527 329 1590 Ι.
349 1526 444 1609 1318,
482 1527 614 1608 Σ.334,
630 1528 725 1611 1071,
752 1534 792 1593 Ε.
822 1529 939 1611 36-7,
954 1527 1028 1610 201,
1051 1527 1125 1611 646,
1140 1528 1280 1609 603-4,
1306 1529 1400 1610 1096,

183 1632 341 1714 1295,0.
363 1633 438 1715 460,
469 1637 508 1698 0.
532 1633 605 1716 840,
629 1634 704 1714 863,
733 1634 790 1695 Εκ.
815 1634 887 1715 175,
911 1635 984 1717 722,
1008 1635 1081 1716 847,
1106 1635 1288 1716 1089-90,
1312 1640 1373 1698 eto.

202 1848 225 1929 g
248 1843 281 1913 4.
327 1843 378 1909 lle
401 1842 555 1910 articulo
583 1860 662 1911 cum
691 1844 851 1911 subiecto
874 1843 930 1911 rel
951 1843 1155 1926 praedicato
1179 1845 1375 1912 coniuncto.

267 1969 390 2035 Nomen
413 1970 663 2054 substantivum,
686 1971 714 2035 si
737 1970 921 2038 sententiae
944 1969 1123 2035 subiectum
1142 1976 1201 2054 est,
1225 1970 1399 2037 articulum

178 2076 287 2158 habet,
320 2076 348 2141 si
380 2077 548 2143 definitum
576 2085 636 2160 est,
668 2079 851 2144 sinautem
875 2098 939 2144 non
963 2082 1014 2143 est
1038 2077 1215 2161 definitum,
1237 2077 1400 2143 articulus

179 2183 351 2268 omittitur,
374 2187 432 2250 sed
456 2203 527 2250 cum
549 2185 645 2266 basis,
668 2191 707 2250 ut
729 2185 778 2252 ita
802 2185 915 2270 dicam,
944 2183 1112 2266 cogitandi
1134 2198 1173 2249 ac
1196 2183 1323 2250 dicendi
1346 2185 1400 2269 sit,

178 2292 369 2371 plerumque
392 2291 561 2358 definitum
583 2297 642 2356 est.
698 2293 754 2359 Sin
782 2299 891 2359 autem
914 2310 1030 2358 nomen
1054 2290 1314 2371 praedicativum
1338 2299 1400 2375 est,

177 2415 303 2478 semper
326 2400 462 2464 classem
485 2417 682 2465 communem
704 2399 883 2482 significat,
906 2398 996 2464 cuius
1019 2398 1194 2463 membrum
1218 2398 1400 2465 subiectum

177 2510 243 2587 est,
272 2504 385 2586 itaque
418 2525 488 2571 cum
521 2525 585 2571 non
616 2505 780 2589 singulam
812 2525 880 2571 rem
912 2504 1085 2589 significet,
1123 2504 1263 2571 articulo
1296 2504 1399 2572 caret.

176 2610 291 2696 Leges,
313 2630 334 2677 a
357 2611 473 2693 quibus
496 2631 573 2677 usus
592 2612 724 2679 articuli
744 2615 830 2693 apud
848 2612 1074 2695 praedicatum
1088 2613 1252 2692 dependet
1267 2610 1399 2677 ratione

175 2717 290 2802 habita
313 2718 446 2784 articuli
468 2721 555 2799 apud
578 2719 757 2785 subiectum
781 2719 880 2801 positi
903 2722 958 2786 vel
977 2717 1085 2784 omissi
1103 2716 1361 2784 aDornsciffeno
1372 2717 1397 2805 ¹)

175 2824 225 2890 his
247 2825 355 2892 verbis
379 2825 534 2891 definitae
557 2831 648 2894 sunt:

264 2931 477 3013 “Praedicato
509 2951 674 3014 nunquam
702 2933 859 2999 articulus
883 2932 1026 3016 additur,
1058 2932 1120 2998 nisi
1143 2951 1241 3014 quum
1265 2931 1397 3012 penitus

175 3037 341 3122 cognitum
363 3041 419 3104 vel
443 3039 610 3105 definitum
634 3045 799 3121 tamquam
821 3060 883 3121 par
905 3039 1052 3105 subiecto
1076 3039 1261 3121 opponitur.

198 3218 200 3223 ,
262 3146 303 3212 Si
328 3146 508 3212 subiectum
540 3145 680 3212 articulo
712 3153 812 3231 caret,
845 3152 937 3212 caret
969 3164 1007 3211 eo
1040 3146 1139 3212 etiam
1162 3145 1397 3231 praedicatum,

174 3253 336 3334 Exceptio
360 3260 412 3320 est
435 3254 462 3319 si
485 3259 544 3319 aut
567 3254 746 3319 subiectum
770 3253 833 3318 tali
856 3255 1016 3343 vocabulo
1036 3271 1223 3334 expressum
1243 3255 1396 3332 estquod
1486 3282 1487 3287 ¹

173 3378 233 3439 per
252 3379 286 3425 se
305 3360 373 3426 sine
388 3361 529 3426 articulo
545 3360 710 3444 cognitum
724 3380 793 3426 esse
808 3366 928 3443 potest,
951 3366 1010 3426 aut
1033 3360 1061 3424 si
1083 3360 1308 3442 praedicatum
1331 3362 1395 3425 tali

173 3467 330 3533 vocabulo
363 3486 550 3548 expressum
567 3473 651 3551 est,
689 3470 775 3548 quod
811 3466 873 3534 nisi
909 3487 980 3532 oum
1017 3466 1157 3532 articulo
1190 3469 1394 3546 postulatam

173 3572 442 3657 significationem
465 3594 530 3641 non
552 3575 661 3640 habet.

260 3681 380 3763 Itaque
416 3681 519 3747 eidem
555 3681 630 3747 huic
667 3681 852 3762 exceptioni
887 3684 960 3747 looo
997 3682 1093 3764 dato,
1130 3680 1157 3744 si
1193 3682 1394 3746 alterutrum

172 3790 348 3854 membrum
371 3788 546 3854 articulum
569 3789 677 3873 habet,
700 3788 733 3854 id
753 3788 932 3855 subiectum
947 3806 1017 3853 esse
1031 3791 1179 3852 statuere
1193 3793 1389 3867 possumus.“

259 3898 298 3960 A.
330 3895 488 3961 Nonnulli
518 3895 594 3979 loci,
627 3895 743 3977 quibus
775 3895 934 3962 articulus
966 3893 1111 3959 subiecto
1145 3894 1285 3977 additur,
1320 3913 1392 3959 cum

173 4002 397 4082 praedicatum
420 4020 458 4067 eo
482 4008 603 4086 causat,
626 4003 659 4069 hi
682 4010 777 4069 sunt:

426 4129 514 4187 τουτὶ
536 4128 566 4187 τί
589 4127 688 4202 ἔσινι;
713 4125 804 4198 ἀσκὸς
827 4126 941 4206 ἐγένεθ’
964 4129 983 4200 ἦ
1006 4120 1080 4208 κόρη

427 4233 512 4294 οἴνου
534 4234 638 4312 πλέως,
663 4240 724 4295 κτλ.
1050 4235 1053 4242 ’
1188 4237 1228 4296 Θ.
1249 4230 1388 4296 733-4.

245 4411 265 4481 ¹)
283 4411 323 4464 Dc
343 4409 460 4463 articulo
479 4409 554 4479 apud
573 4411 690 4464 Graecos
709 4410 822 4477 eiusque
840 4426 891 4462 usu
911 4409 940 4462 in
958 4407 1127 4477 praedicato.
1159 4407 1273 4460 Amstel.
1294 4406 1368 4464 1856.
