3156 4966
769 245 869 340 m*

266 439 386 519 Itaque
409 437 585 504 articulum
607 439 730 503 habent
753 444 892 504 naturae
917 440 1127 524 phenomena,
1151 449 1188 507 ut

199 560 266 654 κᾷτ’
292 569 445 633 ἐντεῦθεν
466 570 693 649 πρῳρατεῦσαι
722 570 776 633 καὶ
798 567 874 644 τοὺς
897 567 1037 651 ἀνέμους
1059 572 1245 654 διαθρῆσαι,
1272 577 1298 639 Ι.
1326 570 1400 637 543.

310 726 317 755 ·.
440 691 499 758 ὅθ’
526 690 544 758 ὁ
568 692 684 777 βορέας
708 691 725 760 ὁ
748 695 846 779 μέγας
869 696 1136 778 ίίτεστρατεύσατο
1245 700 1280 760 Σ.
1306 699 1400 763 1124.

241 818 307 886 ἀλλ’
333 819 352 885 ὁ
374 819 531 901 κεραυνὸς
553 819 658 886 πόθεν
681 813 723 888 αὖ
747 823 878 905 φέρεται
900 821 1036 907 λάμπων
1057 825 1145 906 πυρὶ,
1172 832 1235 892 κτλ.
1264 823 1302 888 Ν.
1326 823 1399 892 395.

173 930 215 992 N.
241 928 307 994 403
331 932 366 991 et
391 928 449 994 τὸν
470 929 632 1011 κεραυνὸν
656 935 690 995 Ο.
720 929 815 996 1538.

378 1059 441 1120 νῦν
462 1056 521 1140 μέν
542 1057 570 1139 γ’
588 1054 653 1122 άπά
679 1065 749 1134 ταῖς
763 1056 949 1139 νεφέλαισιν
965 1057 1212 1143 ἐγκεκρυμμένοι
1242 1059 1279 1120 O.
1305 1059 1399 1142 1608,

177 1179 207 1241 Ο
245 1179 318 1245 728.
341 1248 344 1255 ,
368 1183 491 1249 ἐκτῶν
513 1189 658 1268 νεφελῶν
683 1188 721 1248 0.
745 1182 819 1262 818,
848 1181 942 1264 1383,
967 1181 1061 1246 1386.

271 1290 306 1355 ἐν
328 1296 372 1375 τῷ
395 1290 500 1376 σκότῳ
527 1289 696 1355 invenitur
711 1288 752 1352 tn
775 1291 811 1352 Σ.
836 1287 909 1371 256,
933 1287 998 1351 276
1022 1287 1122 1371 (lym,
1145 1292 1218 1372 911,
1248 1295 1287 1357 0.
1313 1293 1397 1356 1463

172 1400 271 1482 (lyr),
298 1407 357 1466 Εκ.
382 1399 455 1481 314,
479 1398 552 1464 375.

849 1502 1079 1589 ουνον

429 1615 531 1681 αὐτὸν
552 1617 640 1679 καλῶ
663 1611 783 1697 θύραζε
807 1615 896 1694 ὀευρὶ
918 1616 1002 1695 πρὸς
1024 1612 1060 1679 τό
1086 1619 1168 1698 φώς.
1197 1613 1234 1678 Ν.
1258 1609 1397 1681 6315-2.

323 1744 400 1826 πρὶν
422 1748 554 1828 μοχλοῖς
576 1744 626 1807 καί
651 1749 846 1826 μηχαναῖσιν
869 1744 899 1816 ἐς
922 1740 957 1806 τὸ
982 1744 1052 1824 φῶς
1076 1739 1250 1808 ἀνελκύσαι

325 1858 385 1937 την
406 1857 494 1918 θεῶν
516 1856 629 1918 πασῶν
651 1855 804 1936 μεγίστην
1194 1857 1233 1916 E.
1258 1850 1397 1915 307-8.

264 1978 377 2057 Neque
409 1979 513 2042 solum
545 1995 597 2040 res
631 1981 704 2040 tota
737 1980 858 2039 nature
888 1958 978 2038 selae
1002 1971 1190 2057 existentes,
1219 1972 1398 2040 sedetiam

176 2103 237 2167 ree,
262 2103 345 2163 quae
369 2083 508 2148 Athenis
531 2082 681 2175 singulae
705 2087 811 2164 erant,
835 2079 1010 2145 articulum
1033 2080 1168 2145 habent:

757 2189 890 2273 ὡσπερεί.
906 2189 1028 2275 γειμών
1053 2188 1117 2274 άρα

483 2299 633 2382 ὀρνιθίας
657 2301 687 2375 ἐς
709 2299 769 2384 τὴν
792 2300 918 2382 άγοράυ
942 2298 1110 2384 ἐλήλυθας,
1197 2305 1234 2362 Α.
1259 2297 1397 2380 876-7,

174 2411 211 2470 et
244 2410 430 2485 praeterea:
468 2412 525 2493 τῆς
558 2407 681 2491 άγοράς
715 2409 760 2472 Α.
793 2407 871 2489 723,
914 2407 1077 2502 Πολύϊδος
1108 2411 1169 2472 111.
1210 2409 1244 2474 ἐν
1273 2409 1396 2498 τάγορᾷ

173 2514 221 2578 Λ.
247 2514 319 2596 728,
353 2513 425 2596 838,
458 2515 532 2597 848,
566 2517 642 2596 855,
679 2520 707 2579 Ι.
736 2515 811 2596 677,
844 2513 937 2579 1258.
995 2515 1054 2601 τίγν
1077 2517 1203 2599 άγοράν
1231 2519 1269 2578 Ν.
1303 2519 1398 2602 1003,

174 2623 212 2684 Σ.
239 2621 288 2703 16,
319 2628 358 2687 Ε.
383 2622 457 2704 999,
491 2622 585 2702 1010,
622 2628 662 2687 Α.
686 2623 760 2703 558,
796 2627 856 2686 Εκ.
880 2621 954 2703 681,
989 2622 1061 2706 759,
1094 2623 1299 2705 Phrynlchlls
1332 2625 1397 2703 Ἐφ.

174 2729 200 2806 Ι,
223 2730 253 2811 4,
276 2727 437 2808 Amipsies
464 2733 604 2813 Κοτταβ.
628 2729 653 2792 Ι.

362 2836 401 2902 οὐ
425 2836 536 2923 δέδοιχ’
562 2836 657 2921 ὑμᾶς,
684 2838 744 2914 ἕως
766 2834 808 2903 άν
832 2842 867 2922 ζη
890 2836 927 2903 τὸ
951 2839 1187 2929 βουλευτήριον
1272 2842 1299 2904 Ι.
1324 2840 1397 2923 395,

173 2944 220 3006 Α.
240 2943 314 3024 379,
342 2947 367 3006 Ι.
390 2944 464 3010 485.
1180 2939 1200 2968 '⁴‘

445 3047 499 3109 τὸν
522 3050 671 3128 βασιλέως
695 3047 857 3130 ὀφθαλμὸν
881 3053 899 3122 ἡ
923 3047 1020 3128 βουλε)
1044 3052 1131 3113 καλεῖ

447 3157 477 3226 ἐς
498 3155 534 3216 τὸ
556 3157 747 3239 πρυτανεῖον.
1186 3161 1232 3221 Α.
1257 3161 1396 3227 124-5.

174 3290 210 3361 et
245 3283 347 3369 βουλή
374 3301 444 3347 eum
477 3282 617 3347 articulo
650 3282 859 3365 coniungitur
891 3283 1078 3364 151363,
1110 3285 1184 3366 629,
1216 3285 1289 3368 653,
1322 3286 1396 3368 657,

175 3392 347 3475 663681,
368 3397 407 3456 Ε.
424 3391 496 3472 714,
521 3391 594 3471 846,
618 3391 692 3469 878,
711 3390 784 3471 893,
813 3395 851 3453 Α.
874 3390 967 3471 1011,
996 3395 1035 3456 Θ.
1060 3393 1133 3473 37],
1157 3392 1231 3474 943,
1256 3394 1297 3455 Π.
1322 3393 1395 3458 949.

386 3515 485 3575 καίτοι
507 3512 584 3597 πρὸς
607 3516 723 3598 ὄρθρον
744 3517 770 3593 γ’
794 3515 885 3576 ἐστίν·
909 3520 928 3590 ἡ
952 3516 979 3574 δ’
1003 3516 1143 3590 ἐκκλησία

386 3622 497 3682 αὐτίκα
520 3616 587 3700 μάλ’
611 3621 704 3682 ἔσται’
1194 3623 1251 3684 Εκ.
1276 3626 1395 3690 20-1.

387 3736 415 3789 οἱ
434 3727 492 3811 γάρ
515 3723 679 3812 πρυτάνεις
702 3725 806 3790 λύουσι
829 3728 885 3804 τήν
910 3729 1076 3802 ἐκκλησίαν.
1249 3733 1295 3793 Α.
1321 3733 1393 3809 173,

172 3860 227 3928 τῆς
250 3854 408 3927 ἐκκλησίας
434 3855 470 3919 Θ.
494 3856 567 3937 277,
592 3855 647 3919 Εκ,
673 3857 723 3920 89.
771 3855 802 3915 ἕν
825 3855 990 3930 τήκκλησίᾳ
1016 3857 1043 3919 Ι.
1064 3856 1115 3937 76,
1141 3856 1234 3940 1340,
1259 3855 1296 3922 Ε.
1321 3858 1394 3942 667,

174 3961 217 4027 Λ.
242 3962 315 4045 390,
347 3962 403 4022 Εκ.
429 3964 501 4043 135,
527 3963 599 4045 188,
625 3962 697 4044 191,
721 3962 795 4038 249,
828 3963 869 4026 Π.
893 3962 966 4026 330.
1011 3960 1069 4035 την
1092 3962 1250 4036 ἐκκλησίαν
1277 3965 1322 4028 Α.
1342 3965 1393 4048 56,

174 4070 215 4133 Π.
240 4068 312 4134 950.

306 4176 357 4235 καί
381 4176 405 4235 α’
423 4177 492 4236 ἀντί
513 4170 632 4236 τούτων
656 4175 686 4245 ἐς
707 4173 743 4234 τὸ
766 4175 950 4257 πρυτανεῖον
972 4180 1054 4236 καλοῖ
1248 4180 1272 4242 Ι,
1299 4180 1393 4244 1404,

306 4283 406 4364 ὥσπερ
429 4284 499 4342 νυνί
521 4282 615 4360 μηδὲν
639 4277 753 4365 δράσας
774 4282 907 4343 δειπνεῖν
931 4283 963 4343 ἐν
985 4289 1029 4361 τῷ
1050 4284 1231 4365 πρυτανείῳ·
1269 4289 1295 4350 Ι.
1320 4287 1392 4352 766,

173 4414 208 4472 et
231 4407 306 4474 vide
330 4413 504 4488 praeterea
529 4412 554 4472 I.
579 4409 652 4491 261,
676 4399 763 4474 535.
