3156 4966
775 227 818 297 35

719 322 876 330 ———

181 442 373 499 communen
395 441 464 491 rem
486 422 681 506 significant.
690 422 712 506 ¹)
757 425 940 503 Secundum
963 443 1035 491 eam
1053 427 1159 510 legem
1177 426 1407 511 Aristophanis

179 529 214 594 in
259 529 430 596 comoediis
471 531 538 595 suis
580 533 770 611 plerumque
811 531 942 609 nomina
982 532 1115 613 propria
1155 533 1225 611 sine
1265 533 1406 613 articulo

180 636 307 720 scribit,
339 643 378 702 ut
400 631 558 719 Αἰσχύλος
589 639 628 698 Β.
652 639 726 723 778,
759 640 833 725 792,
866 640 940 722 807,
968 645 1038 722 eit,
1070 640 1223 722 Ἀντιφῶν
1251 643 1286 715 Σ.
1312 642 1405 707 1301.

187 746 214 804 Γ
213 744 294 826 δρων
308 744 365 805 Εκ.
381 746 455 812 848.
492 746 522 804 Γ
524 739 597 819 λδκη
613 745 670 806 Ea.
684 746 736 810 43.
770 747 917 820 Δεξίθεος
930 748 975 810 Α.
992 750 1041 813 14.
1075 746 1252 830 Ἐπίκουρος
1265 747 1321 813 Ea.
1332 749 1405 814 644.

187 846 337 931 Εὐδὴμου
361 853 402 916 Π.
427 853 499 917 884.
542 853 686 923 Ἡσίοδος
707 854 746 913 Β.
769 854 863 919 1033.
913 853 1063 933 Θεογένης
1091 857 1126 918 Σ.
1151 855 1245 921 1183.
1283 854 1407 938 Θέωρος

180 961 217 1022 Σ.
232 959 308 1024 599.
332 959 442 1038 Ἰοφῶν
456 960 493 1023 Β.
510 960 560 1024 73.
591 955 702 1029 Κελεὸς
717 962 761 1024 Α.
776 962 829 1026 49.
864 963 1057 1040 Κηφισοφῶν
1071 961 1110 1022 Β.
1122 961 1216 1028 1408.
1255 957 1407 1045 Λάμαχος

179 1067 226 1130 A.
242 1065 316 1131 960.
355 1059 560 1144 Λευκολόφας
583 1065 640 1126 Εκ.
655 1065 728 1132 645.
767 1068 953 1128 Μελανθίου
980 1068 1015 1130 Ο.
1032 1066 1105 1132 151.
1152 1067 1263 1128 Νικίαν
1289 1071 1316 1128 Ι.
1331 1071 1405 1135 358.

181 1168 321 1236 Ξένυλλα
357 1172 393 1236 Θ.
417 1173 491 1238 633.
550 1171 681 1254 Οἴαγρος
714 1177 748 1238 Σ.
772 1175 846 1240 579.
896 1174 1031 1254 Ὅμηρος
1063 1176 1101 1238 Ν.
1127 1174 1220 1240 1056.
1277 1171 1406 1258 Ὀρφεύς

179 1279 217 1343 Β.
254 1280 348 1345 1932.
413 1280 606 1362 Πείσανδρος
638 1281 682 1344 Λ,
705 1281 779 1346 490.
850 1281 994 1363 Προδίκῳ
1031 1282 1067 1343 O.
1091 1283 1163 1348 692.
1233 1284 1406 1359 Σιμωνίδης

179 1388 216 1450 Σ,
242 1386 337 1451 1410,
392 1380 540 1467 Στράτων
570 1390 597 1450 Ι.
623 1389 717 1453 1374.
779 1383 972 1468 Τληπόλεμος
1008 1394 1052 1462 N.
1078 1389 1172 1455 1266.
1223 1388 1406 1469 Ὑπέρβολος

185 1501 231 1559 h'.
256 1494 330 1560 551.
379 1494 506 1564 Φειδίας
529 1495 565 1560 Ε,
582 1495 655 1561 605,
703 1496 876 1577 Χαριξένης
899 1497 955 1556 Εκ.
980 1497 1054 1579 943,
1078 1499 1148 1577 eia,
1173 1500 1243 1578 tid,
1267 1501 1328 1560 etc.

269 1618 450 1682 Praeterea
483 1619 630 1700 exceptis
663 1627 699 1685 et
735 1628 775 1687 A.
810 1623 914 1704 1213,
946 1620 1000 1687 ubi
1037 1619 1055 1686 ὁ
1083 1625 1201 1704 Μανῆς
1232 1620 1404 1686 communis

176 1724 284 1808 magis
308 1743 404 1803 quam
427 1725 548 1806 singuli
571 1727 660 1792 servi
684 1746 799 1793 nomen
823 1735 885 1810 est,
914 1735 948 1792 et
974 1729 1032 1794 τὸν
1057 1730 1237 1812 Κλεισθένη
1262 1735 1298 1796 Β.
1329 1729 1403 1809 422,

177 1830 212 1895 in
236 1829 351 1912 lyricis
375 1831 480 1896 choris
500 1852 664 1912 nunquam
683 1854 799 1900 nomen
814 1833 964 1918 singulae
978 1854 1137 1916 personae
1152 1835 1232 1917 (deis
1247 1834 1404 1916 exceptis)

178 1936 356 2002 articulum
379 1938 492 2018 habet3
517 1959 581 2018 qua
606 1960 641 2004 re
664 1941 747 2006 illud
764 1939 930 2022 Porsoni²)
954 1947 1079 2007 rectum
1098 1961 1168 2007 esse
1183 1941 1217 2006 in
1232 1940 1403 2008 comoediis

182 2044 400 2127 confirmatur,
424 2049 511 2126 quod
535 2048 576 2111 de
595 2046 774 2113 nominibus
793 2048 933 2128 propriis
949 2047 1041 2114 dicit:
1061 2049 1236 2128 ..articulos
1251 2049 1403 2114 vitandos

181 2148 214 2216 in
238 2151 376 2216 choricis
401 2154 542 2218 censeo.''

269 2276 334 2341 Sed
365 2297 430 2342 non
462 2296 538 2343 raro
570 2279 729 2345 articulus
761 2278 793 2343 in
818 2279 1047 2360 Aristophanis
1055 2280 1079 2360 3)
1103 2280 1258 2347 diverbiis
1282 2279 1403 2346 nomini

174 2383 311 2464 proprio
335 2383 479 2449 additum
505 2391 568 2450 est:

251 2704 270 2773 ¹)
299 2705 375 2755 saca
405 2723 454 2773 περ
476 2703 492 2768 ᾗ
521 2702 563 2756 ἐπὶ
590 2706 642 2756 τῶν
677 2705 787 2775 κυρίων,
825 2703 853 2755 εἴ
874 2724 903 2773 γε
933 2705 967 2756 τὰ
993 2691 1069 2775 κύρια
1101 2701 1145 2756 διὰ
1176 2706 1224 2771 τὴν
1256 2703 1283 2758 ἰν
1315 2705 1401 2763 αὐτοῖς

175 2787 294 2859 ἰδιότητα
325 2791 370 2858 οὐχ
402 2785 480 2848 οὕτως
514 2784 667 2864 προσδέεται
696 2794 742 2844 τοῦ
773 2789 891 2863 ἄρθρου,
928 2795 1004 2846 καθά
1030 2813 1079 2863 περ
1110 2794 1144 2845 τὰ
1174 2793 1265 2863 κοινὴν
1296 2795 1400 2848 ἔννοιαν

175 2880 277 2948 ἔχοντα.
306 2878 413 2949 δυνάμει
439 2882 490 2952 γὰρ
517 2880 679 2933 συστέλλεται
707 2879 734 2933 ἐκ
760 2883 806 2948 τῆς
832 2881 929 2950 πολλῆς
955 2884 1091 2949 ποιότητος
1121 2883 1154 2954 τῇ
1180 2885 1327 2954 παραθέσει
1355 2886 1400 2936 τοῦ

174 2967 279 3040 ίίρθρου
297 2968 344 3021 κτλ
367 3001 401 3009 —-
428 2974 495 3039 Περὶ
514 2975 588 3023 Συντ.
609 2975 630 3022 1.
659 2972 710 3035 34„
738 2974 773 3032 et,
792 2972 827 3025 τὰ
852 2973 941 3040 μέντοι
967 2973 1043 3041 κύρια
1067 2968 1111 3024 διὰ
1136 2972 1182 3038 τῆς
1210 2967 1278 3028 ἰδίας
1301 2974 1400 3027 θέσεων

174 3058 380 3128 σίναπολοίμενα
399 3058 444 3126 οὐχ
462 3053 528 3112 οὕτω
546 3056 699 3131 προσδίεται
717 3062 762 3112 το”
781 3059 883 3131 ἄρθρου
902 3091 936 3102 -
956 3064 975 3116 l.
995 3064 1038 3115 42.

248 3166 269 3235 ι)
288 3165 324 3219 ιο
342 3165 484 3237 Euripidis
503 3167 576 3222 nea.
596 3170 656 3224 aar.

247 3272 268 3341 3)
289 3273 491 3329 Valckenaerus
510 3274 557 3344 (ad
575 3274 669 3346 Eurip.
690 3275 791 3329 Phoen.
808 3276 869 3345 147)
887 3275 1008 3345 tragicos
1022 3277 1118 3346 poetas
1133 3272 1281 3328 articulum
1291 3274 1397 3328 nomini

172 3361 288 3432 proprio
315 3362 456 3418 addidisse
483 3365 568 3434 negat
595 3366 624 3418 ot
651 3362 751 3434 pergit,
780 3364 940 3432 ¹articulus
967 3363 1073 3420 scilicet
1096 3380 1113 3417 a
1137 3362 1227 3432 poetis
1244 3363 1396 3434 neglectus,

172 3450 224 3503 ubi
251 3449 399 3504 videbatur
425 3451 455 3506 in
483 3471 534 3506 usn
562 3452 701 3506 communi
728 3451 840 3520 requiri,
872 3452 992 3506 versibus
1019 3455 1164 3523 poetarum
1191 3451 1221 3507 iu
1248 3469 1395 3523 puerorum

173 3540 348 3593 commodum
367 3557 384 3594 a
397 3539 586 3595 literatoribus
600 3541 768 3612 superscribi
781 3540 887 3597 solebat
915 3544 999 3609 atque
1013 3541 1079 3596 hinc
1092 3557 1288 3610 saepenumero
1303 3542 1395 3596 sedem

172 3646 229 3683 non
257 3646 335 3682 suam
362 3634 506 3700 occupat.”
544 3630 586 3684 ita
604 3631 767 3701 liudolphus
786 3630 890 3700 (domm
919 3630 978 3688 Soc.
998 3629 1068 3685 Phil.
1088 3629 1164 3699 Lips.
1182 3628 1229 3685 IV.
1251 3633 1274 3684 l.
1293 3649 1320 3700 p.
1339 3631 1395 3699 80),

174 3718 221 3786 „in
239 3719 300 3787 ipso
319 3718 436 3773 Platone
450 3722 531 3773 tanta
545 3722 586 3773 est
603 3719 688 3774 etiam
702 3719 732 3773 in
745 3718 870 3772 articulis
884 3717 1018 3773 addendis
1040 3717 1230 3773 inconstantia
1244 3734 1277 3772 ao
1290 3719 1394 3788 passim

175 3807 205 3861 in
233 3806 394 3861 omittendis
420 3801 585 3874 constantia,
613 3810 645 3861 nt
672 3807 781 3878 saepius
804 3806 873 3861 mihi
892 3824 910 3861 a
928 3807 1123 3862 Grammaticis
1142 3806 1255 3861 additus
1274 3823 1358 3875 qnam
1377 3825 1395 3861 a

173 3895 306 3950 librariis
325 3897 440 3950 omissm
458 3896 610 3952 videatur.''
654 3898 789 3952 Porsonus
808 3913 841 3952 ea
859 3897 1043 3952 Valckenaeri
1061 3913 1097 3959 an
1116 3913 1182 3952 vcra
1199 3891 1257 3951 sint
1275 3896 1393 3964 dubitat,

173 4000 235 4038 cum
263 3984 375 4051 diosna.
404 4001 488 4054 „rara
517 3985 571 4040 nisi
598 3988 713 4056 propter
735 3985 879 4056 emphasin
897 3985 1045 4054 quandam,
1064 3989 1114 4040 ant
1131 3985 1214 4040 initio
1232 3986 1392 4052 sententiaa,

173 4074 223 4128 uhi
241 4073 382 4144 particula
399 4074 555 4129 inseritur.'’
593 4075 709 4128 Harrisii
727 4075 849 4144 (Hermes
868 4078 885 4130 5
903 4075 954 4129 hid.
974 4075 1060 4130 lond.
1077 4077 1153 4142 1806,
1172 4093 1200 4145 p.
1215 4077 1276 4143 225)
1298 4075 1392 4130 verba:

174 4163 249 4232 „The
276 4162 381 4219 Auticle
409 4163 477 4218 with
502 4180 604 4235 proper
630 4181 725 4225 names
753 4165 782 4218 in
811 4165 899 4233 Greek
927 4164 950 4218 is
978 4182 996 4218 a
1023 4175 1095 4218 mere
1127 4163 1267 4235 pleonasm
1301 4165 1392 4218 unless

172 4251 290 4322 perhaps
323 4252 347 4305 it
379 4269 468 4306 servas
499 4256 529 4306 to
563 4252 733 4322 distinguish
764 4256 866 4307 sexes.”
920 4252 1059 4323 ineptiora
1090 4255 1171 4318 sunt,
1204 4268 1287 4321 quam
1320 4268 1392 4321 quaa

172 4340 353 4410 respectanda
371 4341 435 4394 sint.
749 4325 754 4336 ¹

1197 4449 1230 4502 3..
