3156 4966
704 199 862 299 A-

262 395 366 474 Saepe
390 397 491 475 ἕτερος
513 412 585 458 oum
607 391 748 458 articulo
763 391 1020 458 demonstrativo
1035 391 1174 459 articulo
1198 392 1395 472 opponitur:

397 538 448 598 καί
470 533 507 610 νὴ
530 536 578 596 Δί’
605 534 635 596 εί
653 558 685 614 γε
708 530 763 595 δυο
787 535 922 612 λεγοίτην
946 528 1066 617 ῥητορε,

400 648 415 702 δ
439 637 494 721 μὲν
516 641 673 703 ποιεῖσθαι
697 648 771 710 ναῦς
794 639 919 723 μακρὰς,
944 644 959 699 ὁ
983 641 1008 700 δ
1012 643 1113 722 ἕτερος
1136 636 1176 700 αὖ

398 754 706 830 καταμισθοφορῆσαι
729 749 828 823 τοῦθ’,
852 752 913 807 κτλ.
1177 751 1205 807 Ι.
1231 747 1396 817 1350-2.

399 893 418 950 δ
440 887 494 970 μὲν
518 897 619 971 σοφῶς
639 888 695 973 γὰρ
720 887 811 966 εἶπεν,
836 894 852 948 ὁ
876 890 1006 972 δ’ἕτερος
1028 895 1142 968 σαφῶς.
1232 891 1271 950 Β.
1297 891 1396 957 1434.

699 1032 760 1113 ἔχει
780 1035 837 1114 γὰρ
859 1032 895 1096 τὸ
918 1031 1021 1101 σκέλος

408 1136 443 1199 τὸ
464 1140 520 1218 μὲν
543 1139 575 1199 ἐν
600 1134 702 1218 Πείλῳ,
725 1134 761 1198 τὸ
783 1140 915 1220 δ’έτερον
939 1139 971 1198 έν
993 1138 1167 1215 τήκκλησίᾳ.
1222 1141 1248 1198 Ι.
1273 1140 1394 1205 75-6.

520 1276 642 1361 φεύγειν
667 1277 742 1360 ταχυ
763 1279 834 1350 τοὺς
856 1280 978 1362 ἑτέρους
1000 1280 1054 1356 δεῖ,

332 1383 403 1458 τους
426 1385 457 1449 δὲ
482 1383 610 1452 διώκειν.
987 1388 1093 1452 Plato.
1118 1390 1196 1467 Συμ.
1223 1390 1271 1447 ΙΙ.
1296 1389 1394 1456 5-6.

175 1534 229 1601 vel
253 1535 356 1614 ἕτερος
377 1530 446 1595 sine
470 1529 626 1594 articulo:

355 1724 360 1733 .
408 1668 523 1755 κη’ρυκα
546 1666 579 1732 δὲ
602 1671 726 1750 πέμψον
749 1667 802 1730 τὸν
824 1668 879 1749 μὲν
903 1671 933 1740 ές
956 1678 1048 1740 θεους
1071 1672 1143 1746 ἄνω,

409 1782 512 1867 ἕτερον
534 1779 685 1840 δ’δνωθεν
709 1773 749 1837 αὖ
770 1779 839 1859 παρ’
867 1772 1050 1859 ἀνθρώπους
1072 1773 1163 1853 κάτω,

407 1886 550 1947 κάκεῖθεν
574 1881 666 1954 αὖθις
688 1886 757 1966 παρ’
784 1884 844 1962 ἐμέ.
868 1889 929 1944 κτλ.
1191 1885 1226 1948 O.
1249 1886 1389 1964 843-5,

174 2028 436 2094 Οοσὶοιιολίοαεω
461 2032 476 2087 ὁ
500 2026 555 2106 μὲν
571 2065 610 2073 -
627 2029 728 2109 ἕτερος
746 2064 777 2072 -
800 2030 815 2083 ὁ
838 2025 870 2090 δὲ
895 2026 928 2090 in
951 2025 1000 2090 his
1024 2026 1171 2092 versibus
1194 2026 1386 2094 invenimus:

399 2170 501 2257 τέχναι
524 2170 558 2230 δὲ
580 2176 675 2229 πᾶσαι
697 2168 748 2228 διὰ
771 2170 804 2229 σέ
827 2170 878 2228 καί
901 2169 1083 2248 σοφίσματα,

400 2278 431 2336 ἐν
453 2276 551 2336 τοῖσιν
575 2269 783 2356 ἀνθρώποισίν
806 2275 872 2336 ἐσθ’
898 2275 1063 2355 ηὑρημένα.

398 2387 413 2441 ὁ
436 2384 491 2461 μέν
513 2382 569 2464 γὰρ
593 2383 695 2441 αὐτῶν
718 2381 899 2458 σκυτοτομεῖ
920 2376 1100 2459 καθήμενος,

399 2493 500 2570 ἕτερος
522 2490 555 2550 δέ
578 2483 715 2569 χαλκεύει
737 2512 791 2564 τις,
817 2491 833 2546 ὁ
857 2487 890 2548 δέ
912 2489 1108 2563 τεκταίνεται,

398 2601 414 2655 ὁ
437 2597 470 2657 δέ
493 2596 653 2678 χρυσοχοεῖ
671 2619 704 2674 γε
727 2596 851 2678 χρυσίον
873 2594 957 2677 παρὰ
979 2600 1034 2654 σοῦ
1057 2592 1167 2672 λαβών,

399 2707 414 2762 ὁ
438 2704 472 2764 δὲ
496 2703 664 2763 λωποδυτεῖ
683 2726 715 2781 γε
739 2699 776 2777 νη
799 2703 858 2778 Δί’,
883 2706 899 2761 ὃ
923 2702 956 2763 δέ
978 2703 1161 2784 τοιχωρυχεῖ,
1251 2730 1255 2738 ·

399 2813 414 2866 δ
437 2809 474 2869 δέ
493 2833 540 2878 τις
562 2804 706 2888 κναφείιει
728 2810 763 2887 γ’,
789 2813 804 2867 ὁ
828 2809 863 2869 δέ
883 2832 915 2887 γε
937 2804 1043 2870 πλύνει
1065 2805 1168 2888 κώδια,

398 2920 413 2976 ὁ
437 2916 470 2976 δὲ
493 2915 685 2996 βυρσοδεψεῖ
704 2918 740 2994 γ’,
765 2919 780 2972 ὁ
804 2915 840 2975 δέ
859 2938 891 2993 γε
914 2917 1008 2976 πωλεῖ.
1029 2912 1177 2999 κρδμμυα,

399 3027 415 3080 ὁ
438 3017 558 3091 δ’ἁλοὺς
579 3045 611 3100 γε
634 3025 736 3102 μοιχὸς
759 3022 809 3080 δια
832 3021 867 3081 σέ
887 3045 948 3081 που
971 3024 1194 3105 παρατίλλεται.

1182 3131 1225 3190 Π.
1251 3130 1389 3196 160-8.

261 3273 333 3338 Non
356 3292 430 3338 raro
454 3289 629 3352 pronomen
652 3271 820 3352 personale
843 3269 877 3334 in
900 3272 1007 3336 altera
1029 3276 1125 3350 parte
1147 3271 1331 3338 invenitur:

404 3419 423 3488 ἡ
446 3416 501 3492 μὲν
523 3408 581 3495 γαρ
605 3417 696 3472 ἵππον
718 3413 895 3494 προσετίθει
918 3407 992 3495 πρὸς
1014 3413 1157 3491 τοῦνομα,

408 3517 592 3584 Ξάνθιππον
615 3517 634 3592 ἢ
659 3515 825 3600 Χάριππον
849 3516 867 3592 ἢ
890 3520 1109 3596 Καλλιππίδην,

408 3624 463 3706 ἐγώ
485 3628 522 3688 δέ
541 3634 598 3689 τοῦ
620 3622 745 3688 πάππου
769 3626 912 3703 ’τιθέμην
935 3627 1134 3700 Φειδωνίδην.
1206 3629 1245 3687 N.
1270 3629 1389 3695 63-5,

204 3807 240 3867 οὐ
262 3800 432 3885 γιγνώσκων
456 3807 502 3866 ὅτι
526 3812 581 3865 τοῦ
604 3801 748 3865 Πλούτου
770 3803 890 3887 παρέχω
913 3804 1072 3882 βελτίονας
1095 3806 1207 3888 ἄνδρας

203 3916 254 3974 καί
277 3911 331 3986 τὴν
352 3908 473 3992 γνώμην
497 3915 547 3973 καί
569 3911 624 3985 την
649 3912 742 3972 ι’δέαν.
787 3905 870 3994 παρα
892 3918 935 3971 τῶ
957 3913 1012 3989 μέν
1021 3909 1045 3994 ¹)
1068 3912 1124 3993 γὰρ
1146 3912 1357 3993 ποδαγρῶντες

245 4090 265 4158 ¹)
284 4089 371 4143 Locus
389 4087 466 4143 verbi
483 4086 532 4156 μὲν
555 4086 600 4142 hic
618 4087 804 4142 memorabilis
822 4090 871 4151 est,
894 4086 999 4151 „Wenn
1017 4085 1069 4139 mit
1088 4087 1149 4139 dem
1168 4086 1388 4154 pronominalem

172 4180 251 4248 ὁμέν
271 4210 304 4218 -
323 4179 337 4230 ὁ
356 4175 383 4230 δί
410 4177 471 4231 eine
497 4176 688 4245 Praeposition
712 4176 870 4231 verbunden
889 4176 932 4242 ist,
952 4193 981 4229 so
999 4177 1088 4228 treten
1103 4174 1155 4242 μὲν
1173 4174 1230 4227 und
1250 4172 1277 4226 δὲ
1296 4176 1388 4246 gleich

173 4268 244 4322 nach
276 4268 363 4321 dieser
395 4266 452 4331 ein,
481 4267 583 4336 jedooh
616 4267 780 4335 wenigstens
807 4266 856 4334 μὲν
884 4266 963 4319 nicht
990 4263 1100 4317 δυνατοῦ
1126 4295 1155 4301 --
1177 4264 1311 4335 Κτυσςοτ,
1341 4264 1386 4319 Gr.

172 4356 293 4425 spraohl.
313 4357 355 4412 50.
375 4359 395 4411 1.
416 4358 449 4410 13
