3156 4966
719 185 916 296 *Q

184 393 364 466 practerea
406 395 444 455 Θ.
483 391 548 456 194
584 390 640 474 (2
677 391 755 458 Eur.
792 394 863 459 Aia.
901 414 946 461 vs.
980 396 1080 481 691.),
1122 404 1153 477 ἐς
1176 428 1246 485 aas
1267 411 1303 469 Ε.
1336 404 1411 487 445,

187 493 226 558 0.
251 496 324 574 699,
349 501 384 561 at
405 496 573 562 indefinite
596 498 634 563 B.
660 498 732 582 155,
762 505 800 566 0.
827 503 890 566 126
914 502 1032 586 (chor).

280 604 483 690 χρησμός
510 606 550 669 de
574 609 664 670 carto
688 609 820 673 oraculo
844 607 913 673 sina
937 609 1075 676 articulo
1099 613 1220 680 dicitur
1243 615 1277 680 in

326 774 336 796 ,
392 717 461 791 πῶς
483 711 589 790 starum
615 713 659 790 ὥς
681 740 745 798 μου
768 716 910 800 χρησμὸς
933 716 1064 784 ἅπτεται
1087 726 1219 804 φρενῶν
1264 727 1290 787 Ι.
1316 723 1411 803 1237,

393 820 471 904 ἔχεις
494 822 621 888 ἅπαντα
644 819 726 903 πρὸς
747 825 909 888 πολιτείαν
932 823 954 889 δ
977 828 1032 890 δεῖ·

392 932 529 1014 χρησμοί
549 954 582 995 νε
606 931 822 1014 συμβαίνουσι
844 933 898 996 καὶ
921 931 957 996 τὸ
983 930 1144 999 Πυθικόν.
1195 938 1221 999 Ι.
1246 935 1410 1017 219-20,

183 1037 362 1116 praeterea
385 1039 444 1099 aut
466 1034 627 1100 infinitum
651 1040 710 1118 cst,
733 1042 772 1101 ut

446 1140 750 1227 &subscribebatur
775 1145 859 1210 ἐστιν
883 1147 1072 1226 ἐπικρατεῖν,
1099 1153 1162 1212 κτλ.
1269 1147 1312 1212 Λ.
1337 1148 1410 1231 767,

448 1248 516 1334 ᾅδει
539 1251 572 1317 δὲ
595 1249 767 1335 χρησμούς·
792 1247 809 1316 ὁ
834 1255 867 1317 δὲ
889 1253 994 1336 γέρων
1017 1258 1163 1342 σιβυλλιᾷ
1307 1258 1333 1320 Ι.
1357 1256 1408 1338 61,

445 1355 486 1421 οὐ
509 1356 593 1442 δῆτ’,
620 1357 686 1422 ἐπεί
708 1383 763 1441 μοι
785 1354 929 1443 χρησμός
948 1360 1011 1426 ἐστι
1031 1360 1180 1439 Πυθικὸς

444 1463 579 1546 φράζων
597 1471 662 1529 κτλ.
1174 1473 1200 1534 Ι.
1225 1469 1409 1552 1229-30,

172 1571 245 1629 ,11111
277 1566 452 1633 articulum
484 1569 593 1653 habet,
626 1577 664 1635 ut
695 1570 729 1636 in
759 1575 785 1637 Ι.
820 1573 893 1655 109,
927 1575 999 1658 116,
1034 1575 1107 1658 126,
1141 1575 1408 1659 128,153,177,

185 1671 259 1754 195,
287 1674 361 1755 961,
395 1675 490 1759 1025,
524 1677 618 1760 1029,
653 1678 748 1761 1064,
782 1679 876 1763 1086,
909 1680 946 1745 Ε.
973 1682 1067 1764 1101,
1103 1683 1138 1747 O.
1163 1684 1236 1766 981,
1265 1682 1308 1748 Λ.
1335 1685 1408 1766 777,

184 1779 258 1861 780,
281 1781 323 1845 Π.
348 1779 399 1864 51,
423 1781 474 1848 55.

276 1890 393 1974 ψυχή
421 1889 595 1956 articulum
618 1893 815 1972 pronominis
839 1896 1013 1975 possessivi
1035 1898 1107 1963 loco
1131 1898 1232 1963 habat
1254 1897 1288 1963 in

488 1997 661 2083 αἱρήσομαι
686 2000 748 2085 γὰρ
768 2001 867 2086 ὅνπερ
887 2000 905 2088 ἦ
925 2001 1010 2089 ψυχὴ
1030 2004 1117 2070 θέλει
1248 2004 1285 2069 Β.
1311 2005 1407 2088 1468,

748 2111 796 2184 τίς
814 2107 877 2192 γὰρ
896 2114 1047 2176 πλουτῶν
1066 2110 1210 2194 ἐθελήσει

243 2209 444 2278 κινδυνεύων
462 2214 608 2298 περὶτῆς
627 2218 731 2299 ψυχῆς
748 2219 805 2299 τῆς
824 2211 928 2281 αδιόυ
946 2221 1043 2282 τοῦτο
1062 2221 1207 2301 ποιῆσαι,
1267 2220 1308 2282 Π.
1333 2218 1407 2302 524,

182 2317 227 2380 Α.
251 2317 325 2401 357,
358 2320 431 2402 375,
467 2318 505 2384 Ν.
538 2321 612 2402 319,
646 2322 719 2403 712,
753 2323 788 2386 Σ.
821 2321 895 2405 380,
931 2323 967 2388 O.
998 2324 1073 2388 466.
1129 2322 1280 2390 Articulo
1314 2330 1406 2390 caret

187 2425 282 2509 ψυχή,
313 2424 375 2491 atsi
397 2426 524 2493 finitum
548 2434 606 2512 ast,
630 2427 664 2492 in
765 2418 773 2431 ’

487 2533 596 2601 σπεῦδ’
602 2586 609 2611 ,
633 2527 658 2600 ὦ
677 2534 778 2620 ψυχὴς
803 2539 869 2600 ποι]
887 2561 943 2620 μοι
962 2536 1066 2621 ψυχή,
1272 2541 1306 2603 Σ.
1332 2537 1405 2622 756,

185 2642 221 2704 N.
245 2641 319 2722 719,
343 2641 380 2706 Ε.
406 2643 500 2725 1068,
524 2647 559 2706 at
581 2640 630 2706 bis
654 2647 692 2706 ut
714 2641 921 2708 accusativus
944 2643 1147 2723 respectivus
1167 2644 1347 2711 adhibitum
1370 2645 1404 2711 in

273 2751 327 2813 καί
344 2774 400 2833 μοι
419 2750 560 2833 φράσον,
583 2753 648 2814 τῶν
666 2753 725 2815 τοῦ
745 2746 826 2826 Διὸς
845 2752 971 2815 παίδων
989 2749 1051 2816 τίν’
1074 2749 1164 2836 ἄνδρ’
1175 2751 1309 2838 ἄριστον

271 2853 378 2939 ψυχὴν
395 2858 542 2938 νομίζεις,
564 2862 628 2921 κτλ.
1156 2861 1194 2924 N.
1219 2860 1403 2943 1049-50,

182 2965 217 3025 at
240 2961 277 3026 E.
302 2961 375 3027 675.
420 2961 514 3027 Alias
539 2963 625 3049 ψυχή
650 2967 709 3028 aut
731 2963 892 3028 infinitum
916 2968 975 3028 aut
998 2965 1200 3031 abstractum
1224 2973 1282 3032 ast.

327 3140 349 3220 3
373 3138 402 3209 t.
435 3137 486 3204 Dc
510 3139 654 3206 articuli
678 3140 716 3205 in
739 3141 929 3208 abstractis
952 3140 1155 3207 numinibus
1177 3160 1254 3207 usu.

268 3265 452 3331 Articulum
485 3266 591 3332 omitti
623 3270 710 3348 apud
742 3267 872 3334 uomina
905 3267 1103 3334 attributiva
1130 3267 1200 3334 sive
1224 3270 1400 3341 abstracta.

179 3373 257 3454 quia
289 3375 388 3453 plana
420 3373 607 3438 universam
640 3381 674 3439 at
701 3373 861 3440 infinitam
886 3375 952 3441 vim
983 3375 1114 3458 habent,
1146 3374 1243 3440 facila
1275 3381 1326 3440 ast
1358 3379 1400 3442 ad

177 3479 428 3562 intelligendum
460 3499 566 3562 nequa
597 3482 710 3565 habeo,
743 3501 800 3547 cur
826 3482 861 3547 id
888 3482 1018 3563 planius
1042 3481 1207 3564 explicem.
1217 3479 1239 3566 ¹)
1285 3483 1400 3564 Itaque

178 3592 308 3653 tantum
331 3585 416 3652 illud
439 3588 667 3670 explicandum
691 3595 750 3672 est,
773 3590 828 3654 ubi
852 3589 1010 3655 articulus
1029 3587 1208 3654 nominibus
1224 3589 1400 3656 abstractis

177 3694 310 3759 additus
343 3694 395 3778 sit⁷
429 3702 463 3759 at
495 3695 550 3760 ubi
582 3695 716 3760 omissus
748 3697 836 3778 apud
868 3716 907 3760 aa
929 3695 1058 3762 nomina
1081 3695 1133 3779 sit,
1166 3714 1251 3776 quaa
1273 3696 1399 3763 finitam

176 3802 234 3868 val
258 3807 441 3867 concrctam
465 3802 608 3883 aliquam
631 3802 696 3868 virn
718 3803 870 3868 habeant.

266 3908 304 3974 Α.
327 3910 349 3974 I.
381 3909 550 3975 Articulus
583 3928 679 3992 saepe
711 3910 879 3975 abstracto
902 3910 1023 3975 nomini
1046 3910 1189 3995 additur,
1217 3913 1303 3992 quod
1326 3930 1398 3993 par·

175 4016 399 4082 sanificatione
423 4022 609 4083 concretum
632 4035 747 4082 nornen
771 4016 982 4081 factumest:

174 4143 388 4151 ——ffl-—a

253 4192 272 4260 ¹)
290 4191 382 4244 Multa
399 4191 513 4246 nomina
531 4192 673 4246 abstracta
691 4192 750 4246 sine
768 4190 886 4246 articulo
910 4191 1036 4245 adhibita
1058 4192 1088 4246 in
1107 4192 1257 4247 Hermanni
1276 4195 1343 4248 nota
1361 4193 1398 4247 ad

175 4281 209 4338 N.
237 4281 291 4336 834
322 4282 527 4349 enumerantur,
560 4281 594 4334 cf.
623 4283 765 4352 praetcrea
791 4279 959 4337 Fritaschius
991 4281 1027 4335 ad
1054 4281 1125 4337 Plat.
1153 4282 1224 4336 Man.
1254 4285 1288 4338 70
1316 4284 1340 4338 Α
1370 4286 1398 4340 ct

173 4370 257 4429 Euth.
279 4373 313 4425 14
330 4369 362 4424 D.
780 4385 788 4404 ·
885 4378 886 4381 ’
