<?xml version="1.0" encoding="UTF-8"?>
<!DOCTYPE html PUBLIC "-//W3C//DTD XHTML 1.0 Transitional//EN"
    "http://www.w3.org/TR/xhtml1/DTD/xhtml1-transitional.dtd">
<html xmlns="http://www.w3.org/1999/xhtml" xml:lang="en" lang="en">
 <head>
  <title>
</title>
<meta http-equiv="Content-Type" content="text/html;charset=utf-8" />
  <meta name='ocr-system' content='tesseract 3.04.00' />
  <meta name='ocr-capabilities' content='ocr_page ocr_carea ocr_par ocr_line ocrx_word'/>
</head>
<body>
  <div class='ocr_page' id='page_1' title='image "./dearticuliinant00fullgoog_0102.png"; bbox 0 0 3156 4966; ppageno 0'>
   <div class='ocr_carea' id='block_1_1' title="bbox 670 234 712 298">
    <p class='ocr_par' dir='ltr' id='par_1_1' title="bbox 670 234 712 298">
     <span class='ocr_line' id='line_1_1' title="bbox 670 234 712 298; baseline -0.024 0"><span class='ocrx_word' id='word_1_1' title='bbox 670 234 712 298; x_wconf 80' lang='lat'><em>97</em></span> 
     </span>
    </p>
   </div>
   <div class='ocr_carea' id='block_1_2' title="bbox 77 423 1304 4319">
    <p class='ocr_par' dir='ltr' id='par_1_2' title="bbox 77 423 1304 4319">
     <span class='ocr_line' id='line_1_2' title="bbox 297 423 1179 526; baseline 0.017 -36"><span class='ocrx_word' id='word_1_2' title='bbox 297 423 424 500; x_wconf 84' lang='grc' dir='ltr'><em>κούδείς</em></span> <span class='ocrx_word' id='word_1_3' title='bbox 444 425 479 506; x_wconf 76' lang='grc' dir='ltr'><em>γέ</em></span> <span class='ocrx_word' id='word_1_4' title='bbox 501 425 533 509; x_wconf 88' lang='grc' dir='ltr'><em>μ’</em></span> <span class='ocrx_word' id='word_1_5' title='bbox 560 426 602 493; x_wconf 84' lang='grc' dir='ltr'><em>ἀν</em></span> <span class='ocrx_word' id='word_1_6' title='bbox 623 433 757 499; x_wconf 80' lang='grc' dir='ltr'><em>πείσειεν</em></span> <span class='ocrx_word' id='word_1_7' title='bbox 781 432 970 516; x_wconf 83' lang='grc' dir='ltr'><em>ἀνθρώπων</em></span> <span class='ocrx_word' id='word_1_8' title='bbox 991 437 1028 503; x_wconf 90' lang='grc' dir='ltr'><em>τύ</em></span> <span class='ocrx_word' id='word_1_9' title='bbox 1050 440 1093 526; x_wconf 78' lang='grc' dir='ltr'><em>μὴ</em></span> <span class='ocrx_word' id='word_1_10' title='bbox 1118 439 1179 508; x_wconf 83' lang='grc' dir='ltr'><em>οὐκ</em></span> 
     </span>
     <span class='ocr_line' id='line_1_3' title="bbox 300 532 1301 616; baseline 0.001 -15"><span class='ocrx_word' id='word_1_11' title='bbox 300 536 407 602; x_wconf 78' lang='grc' dir='ltr'><em>ἐλθεῖν</em></span> <span class='ocrx_word' id='word_1_12' title='bbox 430 532 477 601; x_wconf 83' lang='grc' dir='ltr'><em>ἐπ’</em></span> <span class='ocrx_word' id='word_1_13' title='bbox 504 539 634 603; x_wconf 82' lang='grc' dir='ltr'><em>ἐκεῖνον.</em></span> <span class='ocrx_word' id='word_1_14' title='bbox 1122 548 1160 614; x_wconf 81' lang='grc' dir='ltr'><em>Β,</em></span> <span class='ocrx_word' id='word_1_15' title='bbox 1184 549 1301 616; x_wconf 78' lang='grc'><strong>68-9,</strong></span> 
     </span>
     <span class='ocr_line' id='line_1_4' title="bbox 295 646 1127 736; baseline 0.016 -24"><span class='ocrx_word' id='word_1_16' title='bbox 295 646 332 712; x_wconf 91' lang='grc' dir='ltr'><em>τδ</em></span> <span class='ocrx_word' id='word_1_17' title='bbox 356 648 390 712; x_wconf 81' lang='grc' dir='ltr'><em>δὲ</em></span> <span class='ocrx_word' id='word_1_18' title='bbox 412 647 632 732; x_wconf 77' lang='grc' dir='ltr'><em>προσδοκῆσαι</em></span> <span class='ocrx_word' id='word_1_19' title='bbox 655 648 681 713; x_wconf 84' lang='grc' dir='ltr'><em>σ’</em></span> <span class='ocrx_word' id='word_1_20' title='bbox 708 649 769 714; x_wconf 89' lang='grc' dir='ltr'><em>οῦκ</em></span> <span class='ocrx_word' id='word_1_21' title='bbox 792 648 936 736; x_wconf 87' lang='grc' dir='ltr'><em>ἀνόητον</em></span> <span class='ocrx_word' id='word_1_22' title='bbox 957 657 1010 722; x_wconf 82' lang='grc' dir='ltr'><em>καὶ</em></span> <span class='ocrx_word' id='word_1_23' title='bbox 1033 661 1127 725; x_wconf 87' lang='grc' dir='ltr'><em>κενὸν</em></span> 
     </span>
     <span class='ocr_line' id='line_1_5' title="bbox 298 754 1301 848; baseline 0.01 -26"><span class='ocrx_word' id='word_1_24' title='bbox 298 757 341 832; x_wconf 80' lang='grc' dir='ltr'><em>ὠς</em></span> <span class='ocrx_word' id='word_1_25' title='bbox 364 759 480 831; x_wconf 88' lang='grc' dir='ltr'><em>δοῦλος</em></span> <span class='ocrx_word' id='word_1_26' title='bbox 503 754 549 820; x_wconf 75' lang='grc' dir='ltr'><em>οδν</em></span> <span class='ocrx_word' id='word_1_27' title='bbox 568 756 622 821; x_wconf 83' lang='grc' dir='ltr'><em>καὶ</em></span> <span class='ocrx_word' id='word_1_28' title='bbox 640 757 763 840; x_wconf 89' lang='grc' dir='ltr'><em>θνητδς</em></span> <span class='ocrx_word' id='word_1_29' title='bbox 776 754 954 848; x_wconf 74' lang='grc' dir='ltr'><em>Ἀλκμήνης</em></span> <span class='ocrx_word' id='word_1_30' title='bbox 972 765 1046 841; x_wconf 70' lang='grc' dir='ltr'><em>ἕσεις</em></span> <span class='ocrx_word' id='word_1_31' title='bbox 1100 767 1139 831; x_wconf 89' lang='grc' dir='ltr'><em>Β.</em></span> <span class='ocrx_word' id='word_1_32' title='bbox 1162 766 1228 831; x_wconf 85' lang='grc'><em>530</em></span> <span class='ocrx_word' id='word_1_33' title='bbox 1238 768 1301 829; x_wconf 82' lang='grc'><em>-1,</em></span> 
     </span>
     <span class='ocr_line' id='line_1_6' title="bbox 208 860 893 952; baseline 0.016 -28"><span class='ocrx_word' id='word_1_34' title='bbox 208 860 212 877; x_wconf 80' lang='grc'><strong>’</strong></span> <span class='ocrx_word' id='word_1_35' title='bbox 509 863 546 929; x_wconf 90' lang='grc' dir='ltr'><em>τδ</em></span> <span class='ocrx_word' id='word_1_36' title='bbox 566 868 599 932; x_wconf 74' lang='grc' dir='ltr'><em>δέ</em></span> <span class='ocrx_word' id='word_1_37' title='bbox 618 865 893 952; x_wconf 83' lang='grc' dir='ltr'><em>μεταστρέφεσθαι</em></span> 
     </span>
     <span class='ocr_line' id='line_1_7' title="bbox 458 972 867 1062; baseline 0.012 -25"><span class='ocrx_word' id='word_1_38' title='bbox 458 972 540 1055; x_wconf 82' lang='grc' dir='ltr'><em>πρὸς</em></span> <span class='ocrx_word' id='word_1_39' title='bbox 558 973 594 1039; x_wconf 84' lang='grc' dir='ltr'><em>τὸ</em></span> <span class='ocrx_word' id='word_1_40' title='bbox 613 973 867 1062; x_wconf 75' lang='grc' dir='ltr'><em>μαλθακώτερον</em></span> 
     </span>
     <span class='ocr_line' id='line_1_8' title="bbox 458 1080 1302 1166; baseline 0.007 -21"><span class='ocrx_word' id='word_1_41' title='bbox 458 1084 565 1160; x_wconf 82' lang='grc' dir='ltr'><em>δεξιοῦ</em></span> <span class='ocrx_word' id='word_1_42' title='bbox 585 1080 667 1164; x_wconf 82' lang='grc' dir='ltr'><em>πρός</em></span> <span class='ocrx_word' id='word_1_43' title='bbox 686 1081 807 1166; x_wconf 86' lang='grc' dir='ltr'><em>ἀνδρός</em></span> <span class='ocrx_word' id='word_1_44' title='bbox 827 1085 891 1150; x_wconf 77' lang='grc' dir='ltr'><em>ἐστι</em></span> <span class='ocrx_word' id='word_1_45' title='bbox 1079 1088 1117 1152; x_wconf 89' lang='grc' dir='ltr'><em>Β.</em></span> <span class='ocrx_word' id='word_1_46' title='bbox 1142 1086 1302 1153; x_wconf 79' lang='grc'><strong>538-40.</strong></span> 
     </span>
     <span class='ocr_line' id='line_1_9' title="bbox 410 1188 942 1276; baseline 0.009 -22"><span class='ocrx_word' id='word_1_47' title='bbox 410 1228 417 1235; x_wconf 85' lang='lat'><em>-</em></span> <span class='ocrx_word' id='word_1_48' title='bbox 456 1188 493 1254; x_wconf 88' lang='grc' dir='ltr'><em>τύ</em></span> <span class='ocrx_word' id='word_1_49' title='bbox 515 1189 543 1255; x_wconf 83' lang='grc' dir='ltr'><em>δ’</em></span> <span class='ocrx_word' id='word_1_50' title='bbox 565 1192 612 1256; x_wconf 78' lang='grc' dir='ltr'><em>ε’πδ</em></span> <span class='ocrx_word' id='word_1_51' title='bbox 635 1200 797 1276; x_wconf 81' lang='grc' dir='ltr'><em>σεμνοῖσιν</em></span> <span class='ocrx_word' id='word_1_52' title='bbox 816 1191 942 1276; x_wconf 84' lang='grc' dir='ltr'><em>λύγοισι</em></span> 
     </span>
     <span class='ocr_line' id='line_1_10' title="bbox 457 1300 908 1386; baseline 0.009 -22"><span class='ocrx_word' id='word_1_53' title='bbox 457 1300 510 1364; x_wconf 82' lang='grc' dir='ltr'><em>καὶ</em></span> <span class='ocrx_word' id='word_1_54' title='bbox 529 1308 780 1385; x_wconf 80' lang='grc' dir='ltr'><em>σκαριφησμοῖσι</em></span> <span class='ocrx_word' id='word_1_55' title='bbox 799 1300 908 1386; x_wconf 82' lang='grc' dir='ltr'><em>λήρων</em></span> 
     </span>
     <span class='ocr_line' id='line_1_11' title="bbox 458 1407 930 1492; baseline 0.008 -20"><span class='ocrx_word' id='word_1_56' title='bbox 458 1407 626 1492; x_wconf 80' lang='grc' dir='ltr'><em>διατριβήν</em></span> <span class='ocrx_word' id='word_1_57' title='bbox 645 1407 748 1492; x_wconf 81' lang='grc' dir='ltr'><em>ἀργόν</em></span> <span class='ocrx_word' id='word_1_58' title='bbox 766 1418 930 1476; x_wconf 83' lang='grc' dir='ltr'><em>ποιεῖσθαι</em></span> 
     </span>
     <span class='ocr_line' id='line_1_12' title="bbox 456 1516 1302 1602; baseline 0 -22"><span class='ocrx_word' id='word_1_59' title='bbox 456 1521 750 1601; x_wconf 81' lang='grc' dir='ltr'><em>παραφρονοῦντος</em></span> <span class='ocrx_word' id='word_1_60' title='bbox 769 1517 891 1602; x_wconf 86' lang='grc' dir='ltr'><em>ἀνδρός</em></span> <span class='ocrx_word' id='word_1_61' title='bbox 1078 1516 1116 1580; x_wconf 90' lang='grc' dir='ltr'><em>Β.</em></span> <span class='ocrx_word' id='word_1_62' title='bbox 1142 1516 1302 1581; x_wconf 84' lang='grc'><strong>1496-9.</strong></span> 
     </span>
     <span class='ocr_line' id='line_1_13' title="bbox 247 1617 1060 1711; baseline 0.009 -27"><span class='ocrx_word' id='word_1_63' title='bbox 247 1627 305 1686; x_wconf 78' lang='grc' dir='ltr'><em>ΔΙ.</em></span> <span class='ocrx_word' id='word_1_64' title='bbox 333 1620 510 1706; x_wconf 78' lang='grc' dir='ltr'><em>εὐεργετεῖν</em></span> <span class='ocrx_word' id='word_1_65' title='bbox 533 1617 594 1691; x_wconf 89' lang='grc' dir='ltr'><em>ούν</em></span> <span class='ocrx_word' id='word_1_66' title='bbox 618 1627 681 1692; x_wconf 78' lang='grc' dir='ltr'><em>ἐστι</em></span> <span class='ocrx_word' id='word_1_67' title='bbox 704 1625 740 1692; x_wconf 88' lang='grc' dir='ltr'><strong><em>τὸ</em></strong></span> <span class='ocrx_word' id='word_1_68' title='bbox 764 1633 1060 1711; x_wconf 67' lang='grc' dir='ltr'><em>πολυπραγμονεῖνς</em></span> 
     </span>
     <span class='ocr_line' id='line_1_14' title="bbox 246 1725 1191 1820; baseline 0.007 -27"><span class='ocrx_word' id='word_1_69' title='bbox 246 1735 309 1794; x_wconf 78' lang='grc' dir='ltr'><em>ΣΤ.</em></span> <span class='ocrx_word' id='word_1_70' title='bbox 337 1730 373 1796; x_wconf 90' lang='grc' dir='ltr'><em>τὸ</em></span> <span class='ocrx_word' id='word_1_71' title='bbox 396 1732 454 1814; x_wconf 79' lang='grc' dir='ltr'><em>μέν</em></span> <span class='ocrx_word' id='word_1_72' title='bbox 478 1725 540 1799; x_wconf 85' lang='grc' dir='ltr'><em>οῦν</em></span> <span class='ocrx_word' id='word_1_73' title='bbox 564 1738 699 1820; x_wconf 76' lang='grc' dir='ltr'><em>βοηθεῖν</em></span> <span class='ocrx_word' id='word_1_74' title='bbox 722 1743 788 1811; x_wconf 88' lang='grc' dir='ltr'><em>τοῖς</em></span> <span class='ocrx_word' id='word_1_75' title='bbox 811 1733 924 1818; x_wconf 88' lang='grc' dir='ltr'><em>νόμοις</em></span> <span class='ocrx_word' id='word_1_76' title='bbox 946 1743 1014 1811; x_wconf 86' lang='grc' dir='ltr'><em>τοῖς</em></span> <span class='ocrx_word' id='word_1_77' title='bbox 1036 1737 1191 1820; x_wconf 75' lang='grc' dir='ltr'><em>κειμένοις</em></span> 
     </span>
     <span class='ocr_line' id='line_1_15' title="bbox 342 1840 1303 1929; baseline 0.005 -26"><span class='ocrx_word' id='word_1_78' title='bbox 342 1841 395 1904; x_wconf 88' lang='grc' dir='ltr'><em>καὶ</em></span> <span class='ocrx_word' id='word_1_79' title='bbox 418 1840 460 1925; x_wconf 75' lang='grc' dir='ltr'><em>μη</em></span> <span class='ocrx_word' id='word_1_80' title='bbox 484 1842 655 1926; x_wconf 79' lang='grc' dir='ltr'><em>’πιτρέπειν</em></span> <span class='ocrx_word' id='word_1_81' title='bbox 678 1842 736 1909; x_wconf 84' lang='grc' dir='ltr'><em>ε’ἀν</em></span> <span class='ocrx_word' id='word_1_82' title='bbox 758 1868 804 1919; x_wconf 89' lang='grc' dir='ltr'><em>τις</em></span> <span class='ocrx_word' id='word_1_83' title='bbox 828 1844 1027 1929; x_wconf 71' lang='grc' dir='ltr'><em>ἐξαμαρτάνῃ</em></span> <span class='ocrx_word' id='word_1_84' title='bbox 1098 1844 1140 1907; x_wconf 89' lang='grc' dir='ltr'><em>Π.</em></span> <span class='ocrx_word' id='word_1_85' title='bbox 1165 1843 1303 1908; x_wconf 81' lang='lat'>913—5.</span> 
     </span>
     <span class='ocr_line' id='line_1_16' title="bbox 77 1945 1303 2037; baseline 0.002 -27"><span class='ocrx_word' id='word_1_86' title='bbox 77 1945 118 2011; x_wconf 81' lang='grc' dir='ltr'><em>τὸ</em></span> <span class='ocrx_word' id='word_1_87' title='bbox 142 1947 204 2030; x_wconf 78' lang='grc' dir='ltr'><em>γὰρ</em></span> <span class='ocrx_word' id='word_1_88' title='bbox 228 1951 403 2031; x_wconf 86' lang='grc' dir='ltr'><em>φοβεῖσθαι</em></span> <span class='ocrx_word' id='word_1_89' title='bbox 425 1951 482 2017; x_wconf 86' lang='grc' dir='ltr'><em>τὸν</em></span> <span class='ocrx_word' id='word_1_90' title='bbox 505 1950 653 2018; x_wconf 84' lang='grc' dir='ltr'><em>θάνατον</em></span> <span class='ocrx_word' id='word_1_91' title='bbox 676 1956 774 2037; x_wconf 76' lang='grc' dir='ltr'><em>λῆρος</em></span> <span class='ocrx_word' id='word_1_92' title='bbox 796 1952 906 2031; x_wconf 87' lang='grc' dir='ltr'><em>πολύς.</em></span> <span class='ocrx_word' id='word_1_93' title='bbox 1020 1957 1182 2030; x_wconf 78' lang='grc' dir='ltr'><em>Πολύϊδος</em></span> <span class='ocrx_word' id='word_1_94' title='bbox 1217 1950 1242 2016; x_wconf 93' lang='grc' dir='ltr'><em>Ι.</em></span> <span class='ocrx_word' id='word_1_95' title='bbox 1277 1951 1303 2014; x_wconf 89' lang='grc'><em>1.</em></span> 
     </span>
     <span class='ocr_line' id='line_1_17' title="bbox 84 2048 1303 2146; baseline 0.002 -26"><span class='ocrx_word' id='word_1_96' title='bbox 84 2053 227 2136; x_wconf 87' lang='grc' dir='ltr'><em>ἀνιαρόν</em></span> <span class='ocrx_word' id='word_1_97' title='bbox 237 2061 264 2138; x_wconf 81' lang='grc' dir='ltr'><em>γ’</em></span> <span class='ocrx_word' id='word_1_98' title='bbox 277 2048 317 2141; x_wconf 79' lang='grc' dir='ltr'><em>ἦν</em></span> <span class='ocrx_word' id='word_1_99' title='bbox 328 2059 365 2123; x_wconf 87' lang='grc' dir='ltr'><strong>τό</strong></span> <span class='ocrx_word' id='word_1_100' title='bbox 379 2063 484 2136; x_wconf 79' lang='grc' dir='ltr'><em>κακῶς</em></span> <span class='ocrx_word' id='word_1_101' title='bbox 496 2059 632 2146; x_wconf 78' lang='grc' dir='ltr'><em>ᾅδοντος</em></span> <span class='ocrx_word' id='word_1_102' title='bbox 644 2059 784 2127; x_wconf 85' lang='grc' dir='ltr'><em>ἀκούειν·</em></span> <span class='ocrx_word' id='word_1_103' title='bbox 820 2060 1043 2145; x_wconf 69' lang='grc' dir='ltr'><em>Ρδθτθστσῒεε,</em></span> <span class='ocrx_word' id='word_1_104' title='bbox 1062 2063 1222 2146; x_wconf 84' lang='grc' dir='ltr'><em>Αύτομόλι</em></span> <span class='ocrx_word' id='word_1_105' title='bbox 1236 2092 1246 2129; x_wconf 91' lang='grc' dir='ltr'><em>ι</em></span> <span class='ocrx_word' id='word_1_106' title='bbox 1262 2060 1303 2124; x_wconf 90' lang='grc' dir='ltr'><em>Π.</em></span> 
     </span>
     <span class='ocr_line' id='line_1_18' title="bbox 82 2163 1304 2255; baseline 0.005 -25"><span class='ocrx_word' id='word_1_107' title='bbox 82 2164 121 2230; x_wconf 86' lang='grc' dir='ltr'><em>τὸ</em></span> <span class='ocrx_word' id='word_1_108' title='bbox 134 2164 197 2248; x_wconf 80' lang='grc' dir='ltr'><em>γὰρ</em></span> <span class='ocrx_word' id='word_1_109' title='bbox 210 2163 273 2248; x_wconf 85' lang='grc' dir='ltr'><em>ἀέρ’</em></span> <span class='ocrx_word' id='word_1_110' title='bbox 289 2165 390 2233; x_wconf 80' lang='grc' dir='ltr'><em>έλκειν</em></span> <span class='ocrx_word' id='word_1_111' title='bbox 402 2169 553 2253; x_wconf 85' lang='grc' dir='ltr'><em>καθαρὸν</em></span> <span class='ocrx_word' id='word_1_112' title='bbox 564 2171 604 2236; x_wconf 90' lang='grc' dir='ltr'><em>οῦ</em></span> <span class='ocrx_word' id='word_1_113' title='bbox 616 2170 779 2255; x_wconf 86' lang='grc' dir='ltr'><em>τεθολωμέ</em></span> <span class='ocrx_word' id='word_1_114' title='bbox 792 2196 857 2235; x_wconf 75' lang='grc' dir='ltr'><em>νοτ.</em></span> <span class='ocrx_word' id='word_1_115' title='bbox 881 2169 1067 2252; x_wconf 76' lang='lat' dir='ltr'><strong>PhilyllJ&#39;US,</strong></span> <span class='ocrx_word' id='word_1_116' title='bbox 1077 2169 1229 2236; x_wconf 81' lang='lat' dir='ltr'><strong>Fab.Inc.</strong></span> <span class='ocrx_word' id='word_1_117' title='bbox 1240 2172 1264 2237; x_wconf 92' lang='lat' dir='ltr'><em>I.</em></span> <span class='ocrx_word' id='word_1_118' title='bbox 1276 2173 1304 2236; x_wconf 88' lang='lat'><em>3.</em></span> 
     </span>
     <span class='ocr_line' id='line_1_19' title="bbox 84 2268 1304 2365; baseline 0.001 -22"><span class='ocrx_word' id='word_1_119' title='bbox 84 2276 155 2343; x_wconf 86' lang='grc' dir='ltr'><em>ἀλλ’</em></span> <span class='ocrx_word' id='word_1_120' title='bbox 181 2268 262 2342; x_wconf 85' lang='grc' dir='ltr'><em>ἀντὸ</em></span> <span class='ocrx_word' id='word_1_121' title='bbox 285 2279 438 2359; x_wconf 83' lang='grc' dir='ltr'><em>περὶτοῦ</em></span> <span class='ocrx_word' id='word_1_122' title='bbox 462 2278 619 2363; x_wconf 87' lang='grc' dir='ltr'><em>πρότερος</em></span> <span class='ocrx_word' id='word_1_123' title='bbox 642 2283 740 2346; x_wconf 87' lang='grc' dir='ltr'><em>εἰπεῖν</em></span> <span class='ocrx_word' id='word_1_124' title='bbox 763 2279 874 2363; x_wconf 85' lang='grc' dir='ltr'><em>πρώτα</em></span> <span class='ocrx_word' id='word_1_125' title='bbox 899 2285 1117 2365; x_wconf 78' lang='grc' dir='ltr'><em>διαμαχοῦμαι</em></span> <span class='ocrx_word' id='word_1_126' title='bbox 1191 2283 1216 2345; x_wconf 90' lang='grc' dir='ltr'><em>Ι.</em></span> <span class='ocrx_word' id='word_1_127' title='bbox 1241 2281 1304 2345; x_wconf 80' lang='grc'><em>339</em></span> 
     </span>
     <span class='ocr_line' id='line_1_20' title="bbox 80 2383 474 2472; baseline 0.003 -23"><span class='ocrx_word' id='word_1_128' title='bbox 80 2385 117 2472; x_wconf 85' lang='lat' dir='ltr'><em>(a</em></span> <span class='ocrx_word' id='word_1_129' title='bbox 141 2383 307 2450; x_wconf 80' lang='lat' dir='ltr'>Dindorfio</span> <span class='ocrx_word' id='word_1_130' title='bbox 331 2384 474 2469; x_wconf 78' lang='lat' dir='ltr'>eiectus).</span> 
     </span>
     <span class='ocr_line' id='line_1_21' title="bbox 243 2491 1039 2580; baseline 0 -20"><span class='ocrx_word' id='word_1_131' title='bbox 243 2494 307 2560; x_wconf 85' lang='grc' dir='ltr'><em>ύπό</em></span> <span class='ocrx_word' id='word_1_132' title='bbox 332 2500 389 2561; x_wconf 90' lang='grc' dir='ltr'><em>τού</em></span> <span class='ocrx_word' id='word_1_133' title='bbox 413 2498 447 2560; x_wconf 74' lang='grc' dir='ltr'><em>δὲ</em></span> <span class='ocrx_word' id='word_1_134' title='bbox 462 2491 485 2577; x_wconf 81' lang='lat'><em>¹)</em></span> <span class='ocrx_word' id='word_1_135' title='bbox 515 2494 571 2577; x_wconf 73' lang='grc' dir='ltr'><em>την</em></span> <span class='ocrx_word' id='word_1_136' title='bbox 594 2494 710 2580; x_wconf 79' lang='grc' dir='ltr'><em>ψῆφόν</em></span> <span class='ocrx_word' id='word_1_137' title='bbox 733 2495 761 2578; x_wconf 80' lang='grc' dir='ltr'><em>μ’</em></span> <span class='ocrx_word' id='word_1_138' title='bbox 788 2497 867 2580; x_wconf 77' lang='grc' dir='ltr'><em>ἔχειν</em></span> <span class='ocrx_word' id='word_1_139' title='bbox 890 2495 1039 2561; x_wconf 79' lang='grc' dir='ltr'><em>εἰωθέναι</em></span> 
     </span>
     <span class='ocr_line' id='line_1_22' title="bbox 243 2602 1301 2688; baseline -0.004 -18"><span class='ocrx_word' id='word_1_140' title='bbox 243 2603 319 2681; x_wconf 90' lang='grc' dir='ltr'><em>τούς</em></span> <span class='ocrx_word' id='word_1_141' title='bbox 340 2611 424 2687; x_wconf 83' lang='grc' dir='ltr'><em>τρεῖς</em></span> <span class='ocrx_word' id='word_1_142' title='bbox 447 2603 588 2688; x_wconf 77' lang='grc' dir='ltr'><em>ξυνέχων</em></span> <span class='ocrx_word' id='word_1_143' title='bbox 609 2608 674 2670; x_wconf 77' lang='grc' dir='ltr'><em>τῶν</em></span> <span class='ocrx_word' id='word_1_144' title='bbox 697 2602 867 2670; x_wconf 79' lang='grc' dir='ltr'><em>δακτύλων</em></span> <span class='ocrx_word' id='word_1_145' title='bbox 889 2603 1068 2682; x_wconf 84' lang='grc' dir='ltr'><em>ἀνίσταται,</em></span> <span class='ocrx_word' id='word_1_146' title='bbox 1124 2607 1159 2668; x_wconf 82' lang='grc' dir='ltr'><em>Σ.</em></span> <span class='ocrx_word' id='word_1_147' title='bbox 1183 2603 1301 2669; x_wconf 81' lang='lat'>94-5.</span> 
     </span>
     <span class='ocr_line' id='line_1_23' title="bbox 243 2711 958 2799; baseline 0 -22"><span class='ocrx_word' id='word_1_148' title='bbox 243 2711 345 2799; x_wconf 76' lang='grc' dir='ltr'><em>λῆρόν</em></span> <span class='ocrx_word' id='word_1_149' title='bbox 365 2738 396 2779; x_wconf 88' lang='grc' dir='ltr'><em>τι</em></span> <span class='ocrx_word' id='word_1_150' title='bbox 417 2711 504 2777; x_wconf 77' lang='grc' dir='ltr'><em>τᾶλλ’</em></span> <span class='ocrx_word' id='word_1_151' title='bbox 530 2713 635 2797; x_wconf 78' lang='grc' dir='ltr'><em>ἡγεῖτο</em></span> <span class='ocrx_word' id='word_1_152' title='bbox 659 2717 718 2779; x_wconf 90' lang='grc' dir='ltr'><em>τοῦ</em></span> <span class='ocrx_word' id='word_1_153' title='bbox 741 2717 863 2796; x_wconf 79' lang='grc' dir='ltr'><em>γνῶναι</em></span> <span class='ocrx_word' id='word_1_154' title='bbox 886 2713 958 2795; x_wconf 90' lang='grc' dir='ltr'><em>πέρι</em></span> 
     </span>
     <span class='ocr_line' id='line_1_24' title="bbox 245 2818 1299 2906; baseline -0.006 -20"><span class='ocrx_word' id='word_1_155' title='bbox 245 2820 360 2906; x_wconf 86' lang='grc' dir='ltr'><em>φύσεις</em></span> <span class='ocrx_word' id='word_1_156' title='bbox 381 2824 526 2906; x_wconf 77' lang='grc' dir='ltr'><em>ποιητῶν</em></span> <span class='ocrx_word' id='word_1_157' title='bbox 549 2826 611 2886; x_wconf 89' lang='grc' dir='ltr'><em>κτλ.</em></span> <span class='ocrx_word' id='word_1_158' title='bbox 1076 2818 1114 2884; x_wconf 90' lang='grc' dir='ltr'><em>Β,</em></span> <span class='ocrx_word' id='word_1_159' title='bbox 1139 2818 1299 2885; x_wconf 86' lang='grc'><strong>809-10.</strong></span> 
     </span>
     <span class='ocr_line' id='line_1_25' title="bbox 129 2926 1300 3016; baseline -0.006 -21"><span class='ocrx_word' id='word_1_160' title='bbox 129 2931 187 3010; x_wconf 77' lang='grc' dir='ltr'><em>ἕξει</em></span> <span class='ocrx_word' id='word_1_161' title='bbox 209 2934 281 2997; x_wconf 84' lang='grc' dir='ltr'><em>τίνα</em></span> <span class='ocrx_word' id='word_1_162' title='bbox 303 2929 436 3016; x_wconf 82' lang='grc' dir='ltr'><em>γνώμην</em></span> <span class='ocrx_word' id='word_1_163' title='bbox 459 2929 561 3013; x_wconf 84' lang='grc' dir='ltr'><em>λέγειν</em></span> <span class='ocrx_word' id='word_1_164' title='bbox 583 2928 619 2994; x_wconf 88' lang='grc' dir='ltr'><em>τὸ</em></span> <span class='ocrx_word' id='word_1_165' title='bbox 643 2928 686 3014; x_wconf 78' lang='grc' dir='ltr'><em>μὴ</em></span> <span class='ocrx_word' id='word_1_166' title='bbox 710 2927 938 3014; x_wconf 85' lang='grc' dir='ltr'><em>εὐρύπρωκτος</em></span> <span class='ocrx_word' id='word_1_167' title='bbox 960 2926 1057 3003; x_wconf 73' lang='grc' dir='ltr'><em>εἴπαις</em></span> <span class='ocrx_word' id='word_1_168' title='bbox 1152 2927 1190 2990; x_wconf 88' lang='grc' dir='ltr'><em>Ν.</em></span> <span class='ocrx_word' id='word_1_169' title='bbox 1206 2926 1300 2990; x_wconf 86' lang='grc'><strong>1084.</strong></span> 
     </span>
     <span class='ocr_line' id='line_1_26' title="bbox 127 3030 1300 3124; baseline -0.008 -20"><span class='ocrx_word' id='word_1_170' title='bbox 127 3039 192 3106; x_wconf 88' lang='grc' dir='ltr'><em>ύπδ</em></span> <span class='ocrx_word' id='word_1_171' title='bbox 216 3045 274 3106; x_wconf 91' lang='grc' dir='ltr'><em>τού</em></span> <span class='ocrx_word' id='word_1_172' title='bbox 297 3039 339 3124; x_wconf 78' lang='grc' dir='ltr'><em>μη</em></span> <span class='ocrx_word' id='word_1_173' title='bbox 362 3043 485 3122; x_wconf 72' lang='grc' dir='ltr'><em>γνῶναι</em></span> <span class='ocrx_word' id='word_1_174' title='bbox 507 3041 661 3119; x_wconf 73' lang='grc' dir='ltr'><em>καθαροῖς</em></span> <span class='ocrx_word' id='word_1_175' title='bbox 684 3038 774 3122; x_wconf 84' lang='grc' dir='ltr'><em>ύμεῖς</em></span> <span class='ocrx_word' id='word_1_176' title='bbox 801 3095 804 3103; x_wconf 80' lang='grc'>,</span> <span class='ocrx_word' id='word_1_177' title='bbox 1138 3036 1179 3096; x_wconf 81' lang='grc' dir='ltr'><em>Σ.</em></span> <span class='ocrx_word' id='word_1_178' title='bbox 1205 3030 1300 3097; x_wconf 82' lang='lat'>1045.</span> 
     </span>
     <span class='ocr_line' id='line_1_27' title="bbox 81 3139 1299 3231; baseline -0.01 -14"><span class='ocrx_word' id='word_1_179' title='bbox 81 3149 196 3218; x_wconf 79' lang='grc' dir='ltr'><em>διὰτὸ</em></span> <span class='ocrx_word' id='word_1_180' title='bbox 221 3147 353 3226; x_wconf 87' lang='grc' dir='ltr'><em>συνετὸς</em></span> <span class='ocrx_word' id='word_1_181' title='bbox 375 3146 455 3214; x_wconf 81' lang='grc' dir='ltr'><em>εἶναι</em></span> <span class='ocrx_word' id='word_1_182' title='bbox 482 3147 520 3212; x_wconf 89' lang='grc' dir='ltr'><em>Β.</em></span> <span class='ocrx_word' id='word_1_183' title='bbox 546 3145 640 3211; x_wconf 83' lang='grc'><strong>1490.</strong></span> <span class='ocrx_word' id='word_1_184' title='bbox 688 3144 724 3212; x_wconf 90' lang='grc' dir='ltr'><em>τδ</em></span> <span class='ocrx_word' id='word_1_185' title='bbox 748 3144 867 3231; x_wconf 83' lang='grc' dir='ltr'><em>χρηστὰ</em></span> <span class='ocrx_word' id='word_1_186' title='bbox 892 3143 1054 3212; x_wconf 84' lang='grc' dir='ltr'><em>διδάσκειν</em></span> <span class='ocrx_word' id='word_1_187' title='bbox 1142 3144 1179 3208; x_wconf 87' lang='grc' dir='ltr'><em>Β.</em></span> <span class='ocrx_word' id='word_1_188' title='bbox 1205 3139 1299 3205; x_wconf 81' lang='grc'><strong>1057.</strong></span> 
     </span>
     <span class='ocr_line' id='line_1_28' title="bbox 575 3250 1041 3339; baseline 0.002 -21"><span class='ocrx_word' id='word_1_189' title='bbox 575 3250 618 3330; x_wconf 79' lang='grc' dir='ltr'><em>ὡς</em></span> <span class='ocrx_word' id='word_1_190' title='bbox 642 3252 760 3338; x_wconf 83' lang='grc' dir='ltr'><em>σφόδρ’</em></span> <span class='ocrx_word' id='word_1_191' title='bbox 787 3254 850 3320; x_wconf 80' lang='grc' dir='ltr'><em>ἐστὶ</em></span> <span class='ocrx_word' id='word_1_192' title='bbox 874 3254 1041 3339; x_wconf 82' lang='grc' dir='ltr'><em>συμφέρον</em></span> 
     </span>
     <span class='ocr_line' id='line_1_29' title="bbox 295 3355 1299 3450; baseline -0.014 -17"><span class='ocrx_word' id='word_1_193' title='bbox 295 3367 332 3433; x_wconf 89' lang='grc' dir='ltr'><em>τὸ</em></span> <span class='ocrx_word' id='word_1_194' title='bbox 356 3366 456 3450; x_wconf 76' lang='grc' dir='ltr'><em>μηδὲν</em></span> <span class='ocrx_word' id='word_1_195' title='bbox 479 3365 589 3429; x_wconf 80' lang='grc' dir='ltr'><em>ἀσκεῖν</em></span> <span class='ocrx_word' id='word_1_196' title='bbox 611 3359 698 3446; x_wconf 77' lang='grc' dir='ltr'><em>ύγιές</em></span> <span class='ocrx_word' id='word_1_197' title='bbox 721 3364 756 3429; x_wconf 76' lang='grc' dir='ltr'><em>ἐν</em></span> <span class='ocrx_word' id='word_1_198' title='bbox 779 3369 822 3448; x_wconf 78' lang='grc' dir='ltr'><em>τῷ</em></span> <span class='ocrx_word' id='word_1_199' title='bbox 846 3368 910 3431; x_wconf 89' lang='grc' dir='ltr'><em>νῦν</em></span> <span class='ocrx_word' id='word_1_200' title='bbox 930 3361 1041 3448; x_wconf 76' lang='grc' dir='ltr'><em>χρόνῳ</em></span> <span class='ocrx_word' id='word_1_201' title='bbox 1094 3359 1135 3422; x_wconf 92' lang='grc' dir='ltr'><em>Π.</em></span> <span class='ocrx_word' id='word_1_202' title='bbox 1158 3355 1299 3422; x_wconf 82' lang='grc'><strong>49-50.</strong></span> 
     </span>
     <span class='ocr_line' id='line_1_30' title="bbox 170 3465 1297 3541; baseline -0.013 -1"><span class='ocrx_word' id='word_1_203' title='bbox 170 3476 225 3541; x_wconf 91' lang='lat' dir='ltr'><em>IV.</em></span> <span class='ocrx_word' id='word_1_204' title='bbox 249 3472 433 3540; x_wconf 81' lang='lat' dir='ltr'>Infinitivus</span> <span class='ocrx_word' id='word_1_205' title='bbox 448 3489 519 3536; x_wconf 80' lang='lat' dir='ltr'><em>cum</em></span> <span class='ocrx_word' id='word_1_206' title='bbox 542 3470 682 3535; x_wconf 77' lang='lat' dir='ltr'><strong>articulo</strong></span> <span class='ocrx_word' id='word_1_207' title='bbox 703 3469 893 3536; x_wconf 79' lang='lat' dir='ltr'>coniunctus</span> <span class='ocrx_word' id='word_1_208' title='bbox 916 3471 959 3535; x_wconf 83' lang='lat' dir='ltr'><em>ad</em></span> <span class='ocrx_word' id='word_1_209' title='bbox 982 3467 1230 3535; x_wconf 80' lang='lat' dir='ltr'>admirationem</span> <span class='ocrx_word' id='word_1_210' title='bbox 1244 3465 1297 3528; x_wconf 81' lang='lat' dir='ltr'><em>vel</em></span> 
     </span>
     <span class='ocr_line' id='line_1_31' title="bbox 79 3572 1153 3665; baseline -0.01 -14"><span class='ocrx_word' id='word_1_211' title='bbox 79 3586 225 3651; x_wconf 82' lang='lat' dir='ltr'>taedium</span> <span class='ocrx_word' id='word_1_212' title='bbox 248 3580 494 3665; x_wconf 82' lang='lat' dir='ltr'><strong>significandum</strong></span> <span class='ocrx_word' id='word_1_213' title='bbox 519 3578 553 3642; x_wconf 88' lang='lat' dir='ltr'><em>in</em></span> <span class='ocrx_word' id='word_1_214' title='bbox 577 3577 868 3643; x_wconf 71' lang='lat' dir='ltr'><strong>exclamationibm</strong></span> <span class='ocrx_word' id='word_1_215' title='bbox 891 3577 1066 3643; x_wconf 80' lang='lat' dir='ltr'><strong>adhibetur</strong></span> <span class='ocrx_word' id='word_1_216' title='bbox 1076 3572 1100 3658; x_wconf 76' lang='lat'><em>²)</em></span> <span class='ocrx_word' id='word_1_217' title='bbox 1119 3576 1153 3641; x_wconf 93' lang='lat' dir='ltr'><em>in</em></span> 
     </span>
     <span class='ocr_line' id='line_1_32' title="bbox 82 3680 1298 3781; baseline -0.009 -18"><span class='ocrx_word' id='word_1_218' title='bbox 82 3698 120 3763; x_wconf 84' lang='grc' dir='ltr'><em>τὸ</em></span> <span class='ocrx_word' id='word_1_219' title='bbox 137 3698 170 3762; x_wconf 81' lang='grc' dir='ltr'><em>δέ</em></span> <span class='ocrx_word' id='word_1_220' title='bbox 182 3697 260 3781; x_wconf 76' lang='grc' dir='ltr'><em>μηδὲ</em></span> <span class='ocrx_word' id='word_1_221' title='bbox 274 3696 376 3777; x_wconf 77' lang='grc' dir='ltr'><em>κυνῆν</em></span> <span class='ocrx_word' id='word_1_222' title='bbox 388 3694 521 3756; x_wconf 84' lang='grc' dir='ltr'><em>οἴκοθεν</em></span> <span class='ocrx_word' id='word_1_223' title='bbox 538 3689 643 3754; x_wconf 79' lang='grc' dir='ltr'><em>ἐλθεῖν</em></span> <span class='ocrx_word' id='word_1_224' title='bbox 660 3687 711 3772; x_wconf 79' lang='grc' dir='ltr'><em>έμῖ-</em></span> <span class='ocrx_word' id='word_1_225' title='bbox 723 3687 782 3754; x_wconf 86' lang='grc' dir='ltr'><em>τὸν</em></span> <span class='ocrx_word' id='word_1_226' title='bbox 794 3688 1003 3772; x_wconf 82' lang='grc' dir='ltr'><em>κακοδαίμον’</em></span> <span class='ocrx_word' id='word_1_227' title='bbox 1019 3689 1130 3772; x_wconf 76' lang='grc' dir='ltr'><em>ἔχοντα</em></span> <span class='ocrx_word' id='word_1_228' title='bbox 1173 3684 1211 3746; x_wconf 83' lang='grc' dir='ltr'><em>Ν.</em></span> <span class='ocrx_word' id='word_1_229' title='bbox 1226 3680 1298 3744; x_wconf 74' lang='lat'>268·</span> 
     </span>
     <span class='ocr_line' id='line_1_33' title="bbox 294 3791 1297 3882; baseline -0.014 -14"><span class='ocrx_word' id='word_1_230' title='bbox 294 3801 331 3868; x_wconf 89' lang='grc' dir='ltr'><em>τὸ</em></span> <span class='ocrx_word' id='word_1_231' title='bbox 356 3802 422 3866; x_wconf 81' lang='grc' dir='ltr'><em>Δία</em></span> <span class='ocrx_word' id='word_1_232' title='bbox 444 3800 584 3882; x_wconf 79' lang='grc' dir='ltr'><em>νομίζειν</em></span> <span class='ocrx_word' id='word_1_233' title='bbox 606 3795 685 3863; x_wconf 80' lang='grc' dir='ltr'><em>ὄντα</em></span> <span class='ocrx_word' id='word_1_234' title='bbox 708 3799 920 3882; x_wconf 85' lang='grc' dir='ltr'><em>τηλικουτονί.</em></span> <span class='ocrx_word' id='word_1_235' title='bbox 1163 3793 1201 3857; x_wconf 90' lang='grc' dir='ltr'><em>Ν.</em></span> <span class='ocrx_word' id='word_1_236' title='bbox 1226 3791 1297 3855; x_wconf 86' lang='grc'><strong>819.</strong></span> 
     </span>
     <span class='ocr_line' id='line_1_34' title="bbox 245 3902 1089 3992; baseline -0.007 -15"><span class='ocrx_word' id='word_1_237' title='bbox 245 3915 313 3977; x_wconf 82' lang='grc' dir='ltr'><em>ΠΕ.</em></span> <span class='ocrx_word' id='word_1_238' title='bbox 344 3909 380 3976; x_wconf 84' lang='grc' dir='ltr'><em>τὸ</em></span> <span class='ocrx_word' id='word_1_239' title='bbox 404 3906 432 3976; x_wconf 85' lang='grc' dir='ltr'><em>δ’</em></span> <span class='ocrx_word' id='word_1_240' title='bbox 458 3909 510 3992; x_wconf 81' lang='grc' dir='ltr'><em>έμὲ</em></span> <span class='ocrx_word' id='word_1_241' title='bbox 532 3902 662 3992; x_wconf 83' lang='grc' dir='ltr'><em>κορώνη</em></span> <span class='ocrx_word' id='word_1_242' title='bbox 686 3905 867 3991; x_wconf 83' lang='grc' dir='ltr'><em>πιθόμενοι</em></span> <span class='ocrx_word' id='word_1_243' title='bbox 889 3904 947 3972; x_wconf 87' lang='grc' dir='ltr'><em>τὸν</em></span> <span class='ocrx_word' id='word_1_244' title='bbox 970 3905 1089 3972; x_wconf 78' lang='grc' dir='ltr'><em>ἄθλιον</em></span> 
     </span>
     <span class='ocr_line' id='line_1_35' title="bbox 344 4013 1035 4102; baseline -0.012 -18"><span class='ocrx_word' id='word_1_245' title='bbox 344 4015 424 4085; x_wconf 88' lang='grc' dir='ltr'><em>ὁδοῦ</em></span> <span class='ocrx_word' id='word_1_246' title='bbox 448 4021 626 4102; x_wconf 87' lang='grc' dir='ltr'><em>περιελθεῖν</em></span> <span class='ocrx_word' id='word_1_247' title='bbox 649 4013 763 4082; x_wconf 79' lang='grc' dir='ltr'><em>στάδια</em></span> <span class='ocrx_word' id='word_1_248' title='bbox 785 4020 875 4081; x_wconf 85' lang='grc' dir='ltr'><em>πλεῖν</em></span> <span class='ocrx_word' id='word_1_249' title='bbox 898 4015 920 4101; x_wconf 78' lang='grc' dir='ltr'><em>ἢ</em></span> <span class='ocrx_word' id='word_1_250' title='bbox 940 4019 1035 4102; x_wconf 81' lang='grc' dir='ltr'><em>χίλια.</em></span> 
     </span>
     <span class='ocr_line' id='line_1_36' title="bbox 240 4122 1115 4213; baseline -0.007 -19"><span class='ocrx_word' id='word_1_251' title='bbox 240 4135 302 4194; x_wconf 73' lang='lat' dir='ltr'><em>Er.</em></span> <span class='ocrx_word' id='word_1_252' title='bbox 334 4128 369 4194; x_wconf 86' lang='grc' dir='ltr'><em>τύ</em></span> <span class='ocrx_word' id='word_1_253' title='bbox 394 4127 421 4192; x_wconf 86' lang='grc' dir='ltr'><em>δ’</em></span> <span class='ocrx_word' id='word_1_254' title='bbox 448 4127 500 4212; x_wconf 73' lang='grc' dir='ltr'><em>ἐμέ</em></span> <span class='ocrx_word' id='word_1_255' title='bbox 523 4129 641 4213; x_wconf 78' lang='grc' dir='ltr'><em>κολοιῷ</em></span> <span class='ocrx_word' id='word_1_256' title='bbox 663 4123 847 4209; x_wconf 89' lang='grc' dir='ltr'><em>πιθόμενον</em></span> <span class='ocrx_word' id='word_1_257' title='bbox 868 4125 926 4192; x_wconf 90' lang='grc' dir='ltr'><em>τδν</em></span> <span class='ocrx_word' id='word_1_258' title='bbox 949 4122 1115 4209; x_wconf 90' lang='grc' dir='ltr'><em>δύσμορον</em></span> 
     </span>
     <span class='ocr_line' id='line_1_37' title="bbox 302 4228 1297 4319; baseline -0.005 -16"><span class='ocrx_word' id='word_1_259' title='bbox 302 4308 305 4314; x_wconf 25' lang='lat'><strong>⁴</strong></span> <span class='ocrx_word' id='word_1_260' title='bbox 345 4236 570 4319; x_wconf 77' lang='grc' dir='ltr'><em>ἀποσποδῆσαι</em></span> <span class='ocrx_word' id='word_1_261' title='bbox 592 4233 670 4311; x_wconf 87' lang='grc' dir='ltr'><em>τούς</em></span> <span class='ocrx_word' id='word_1_262' title='bbox 693 4233 811 4318; x_wconf 83' lang='grc' dir='ltr'><em>ὄνυχας</em></span> <span class='ocrx_word' id='word_1_263' title='bbox 833 4240 898 4301; x_wconf 81' lang='grc' dir='ltr'><em>τῶν</em></span> <span class='ocrx_word' id='word_1_264' title='bbox 921 4234 1088 4302; x_wconf 89' lang='grc' dir='ltr'><em>δακτύλων</em></span> <span class='ocrx_word' id='word_1_265' title='bbox 1143 4230 1178 4295; x_wconf 88' lang='grc'><em>0.</em></span> <span class='ocrx_word' id='word_1_266' title='bbox 1202 4228 1297 4292; x_wconf 74' lang='grc'><em>5-8.</em></span> 
     </span>
    </p>
   </div>
   <div class='ocr_carea' id='block_1_3' title="bbox 95 4363 838 4450">
    <p class='ocr_par' dir='ltr' id='par_1_3' title="bbox 95 4363 838 4450">
     <span class='ocr_line' id='line_1_38' title="bbox 95 4363 838 4450; baseline 0.008 -25"><span class='ocrx_word' id='word_1_267' title='bbox 95 4363 98 4368; x_wconf 63' lang='grc'><strong>’</strong></span> <span class='ocrx_word' id='word_1_268' title='bbox 153 4378 172 4447; x_wconf 79' lang='lat'><em>¹)</em></span> <span class='ocrx_word' id='word_1_269' title='bbox 190 4377 231 4431; x_wconf 80' lang='lat' dir='ltr'><em>De</em></span> <span class='ocrx_word' id='word_1_270' title='bbox 249 4375 380 4450; x_wconf 76' lang='lat' dir='ltr'>particuli</span> <span class='ocrx_word' id='word_1_271' title='bbox 400 4373 427 4428; x_wconf 81' lang='grc' dir='ltr'><em>δὲ</em></span> <span class='ocrx_word' id='word_1_272' title='bbox 444 4372 582 4444; x_wconf 74' lang='lat' dir='ltr'><strong>positione</strong></span> <span class='ocrx_word' id='word_1_273' title='bbox 600 4373 634 4428; x_wconf 72' lang='lat' dir='ltr'><em>ef.</em></span> <span class='ocrx_word' id='word_1_274' title='bbox 654 4390 682 4442; x_wconf 86' lang='lat' dir='ltr'><em>p.</em></span> <span class='ocrx_word' id='word_1_275' title='bbox 702 4373 742 4441; x_wconf 80' lang='lat'><em>18,</em></span> <span class='ocrx_word' id='word_1_276' title='bbox 761 4376 838 4434; x_wconf 64' lang='lat' dir='ltr'><strong>nossa.</strong></span> 
     </span>
    </p>
   </div>
   <div class='ocr_carea' id='block_1_4' title="bbox 152 4464 1143 4585">
    <p class='ocr_par' dir='ltr' id='par_1_4' title="bbox 152 4464 1143 4585">
     <span class='ocr_line' id='line_1_39' title="bbox 152 4464 1143 4585; baseline 0.004 -67"><span class='ocrx_word' id='word_1_277' title='bbox 152 4464 172 4535; x_wconf 72' lang='grc'><em>2)</em></span> <span class='ocrx_word' id='word_1_278' title='bbox 192 4466 321 4536; x_wconf 79' lang='lat' dir='ltr'>Kruegor,</span> <span class='ocrx_word' id='word_1_279' title='bbox 340 4467 382 4521; x_wconf 78' lang='lat'><em>55.</em></span> <span class='ocrx_word' id='word_1_280' title='bbox 404 4467 427 4519; x_wconf 89' lang='lat'><em>1.</em></span> <span class='ocrx_word' id='word_1_281' title='bbox 446 4465 471 4521; x_wconf 81' lang='lat'><em>5.</em></span> <span class='ocrx_word' id='word_1_282' title='bbox 1127 4533 1143 4585; x_wconf 62' lang='grc'><strong>7</strong></span> 
     </span>
    </p>
   </div>
   <div class='ocr_carea' id='block_1_5' title="bbox 0 0 1582 4966">
    <p class='ocr_par' dir='ltr' id='par_1_5' title="bbox 0 0 1582 4966">
     <span class='ocr_line' id='line_1_40' title="bbox 0 0 1582 4966; baseline 0 1"><span class='ocrx_word' id='word_1_283' title='bbox 0 0 1582 4966; x_wconf 95' lang='lat' dir='ltr'><em> </em></span> 
     </span>
    </p>
   </div>
  </div>
 </body>
</html>
