3112 4972
693 268 852 366 Aa„

332 466 354 549 5
378 462 430 531 13.
476 461 528 526 lle
552 461 699 528 articuli
722 463 759 527 in
783 462 952 529 formulis
975 462 1117 529 iurandi
1139 480 1214 531 usu.

250 605 338 674 lovis
371 626 500 690 nornen,
535 625 605 671 cum
638 607 824 687 saepissime
856 607 890 673 in
924 607 1094 688 colloquiis
1127 607 1308 674 adhibitum
1340 609 1385 675 sit

162 734 233 780 curu
265 715 436 796 particulis
470 716 530 799 μά,
566 714 625 800 νή,
660 720 714 781 ναί
749 715 973 800 coniunctum,
1006 716 1180 782 articulum
1212 705 1281 782 sine
1314 718 1383 782 ullo

162 822 345 888 discrimine
376 824 476 888 habet
508 824 563 888 vel
598 821 729 887 omittit.
784 822 862 887 Alia
889 829 997 888 autem
1026 823 1155 889 nomina
1179 842 1248 888 cum
1271 823 1384 888 iisdem

161 929 333 1010 particulis
347 930 382 995 in
395 929 542 996 formulis
557 929 686 995 iurandi
697 929 845 995 adhibita
860 949 988 1010 semper
1001 930 1176 996 articulum
1191 932 1322 1014 habent,
1337 931 1385 997 Ut

712 1109 750 1174 A.
780 1107 837 1195 νύ.

250 1234 420 1299 Articulns
443 1233 477 1298 iu
500 1233 772 1299 obtestationibus
795 1253 867 1299 cum
891 1232 933 1322 νή
960 1235 1093 1316 ponitur
1115 1235 1149 1301 in

205 1335 242 1409 εὖ
263 1369 300 1428 χε
321 1345 362 1429 νη
385 1342 443 1409 τὸν
465 1345 531 1409 Δία
553 1344 607 1409 καὶ
630 1341 688 1408 τὸν
707 1345 852 1409 Ἀπόλλω
876 1348 929 1412 καὶ
951 1346 1012 1428 την
1035 1345 1202 1430 Δήμητρα.
1260 1347 1285 1408 Ι.
1309 1342 1384 1409 941.

160 1451 200 1538 νη
231 1451 290 1519 τὸν
322 1456 468 1518 Ποσειδῶ
502 1450 547 1514 Α.
580 1450 653 1516 560.
715 1451 755 1535 νὴ
785 1457 843 1529 τὰς
872 1451 1017 1538 Χάριτας
1050 1453 1088 1517 N.
1122 1452 1195 1517 773.
1251 1453 1291 1537 vr)
1327 1456 1386 1521 τὸν

162 1558 308 1642 οὐρανὸν
342 1560 384 1625 Π.
417 1560 490 1625 ool.
552 1558 593 1644 νη
623 1559 668 1627 τῶ
697 1559 764 1626 ’θεῶ
799 1560 1015 1626 Pherecrates
1052 1565 1176 1643 Κοριαν
1210 1559 1267 1644 ΤΠ,
1300 1561 1320 1626 3
1351 1569 1385 1627 et

163 1673 316 1752 Μυρμηκ.
334 1665 393 1750 ΠΙ,
408 1669 437 1731 2.
472 1666 513 1752 νὴ
536 1667 598 1736 τόν
621 1672 729 1748 φίλιον
752 1672 862 1752 μῦθον
883 1664 1107 1733 Pherecrates
1122 1674 1226 1752 Κραπ.
1249 1668 1339 1752 XVI,
1354 1672 1385 1751 4,

162 1779 196 1837 et
219 1779 396 1854 praeterea
420 1782 551 1841 centum
573 1776 749 1859 sexaginta
772 1775 876 1840 tribus
895 1775 975 1841 locis
995 1775 1232 1842 comoediarum
1251 1784 1386 1856 praeter

162 1882 241 1946 duas
264 1881 384 1946 formas
408 1883 549 1948 Boeotos
574 1887 622 1952 νεὶ
638 1884 697 1952 τὸν
708 1883 834 1950 Ἰόλαον
857 1891 896 1949 A.
916 1884 979 1948 867
1000 1889 1034 1947 et
1051 1886 1100 1950 νεὶ
1114 1884 1159 1951 τύ
1175 1887 1239 1952 ocal
1255 1894 1294 1952 A.
1310 1885 1384 1952 905.

161 1988 237 2054 Sine
269 1988 410 2054 articulo
444 1989 485 2075 νὴ
508 1997 574 2056 Διά
609 1992 730 2057 dictum
763 1996 814 2055 est
845 1990 878 2056 in
916 2002 956 2056 A.
982 1992 1077 2075 1025,
1113 1999 1143 2058 I.
1175 1995 1247 2077 139,
1276 1993 1385 2059 Plato.

163 2102 322 2185 Ἀμφιαρ,
346 2105 380 2164 et
403 2103 578 2179 praeterea
602 2105 730 2164 centum
754 2098 982 2180 undetriginta
1004 2100 1094 2167 locis.

712 2278 747 2341 B.
781 2276 837 2362 μοὶ.

251 2404 375 2470 Nomen
399 2404 468 2470 eius
492 2421 650 2485 personae
674 2404 730 2468 vel
754 2402 811 2486 rei,
835 2420 918 2482 quae
942 2402 1106 2483 particulo
1131 2401 1176 2490 μά
1199 2403 1384 2486 invocatur,

162 2511 337 2576 articulum
356 2513 459 2577 habet
477 2512 510 2577 in
531 2512 575 2597 μα
599 2512 656 2575 τὸν
682 2517 745 2576 Δία
765 2512 812 2575 Α.
831 2511 905 2594 368,
930 2512 974 2597 μὰ
997 2512 1055 2579 τὸν
1074 2512 1234 2597 Ἡρακλέα
1256 2513 1291 2575 Σ.
1312 2512 1387 2594 757,

164 2618 208 2704 μὰ
239 2619 298 2705 τὴν
328 2620 487 2706 Δήμητρα
521 2619 546 2684 Ι.
578 2618 654 2683 435.
712 2616 756 2702 pol
779 2619 1040 2703 τι)ν”Αχλαυρον
1068 2620 1104 2684 Θ.
1128 2619 1202 2686 533.
1259 2619 1304 2704 μοὶ
1328 2621 1389 2688 τὸν

46 2797 48 2801 Α
167 2731 315 2795 Ποσειδῶ
341 2726 385 2793 Λ.
410 2726 506 2792 1165.
553 2730 607 2794 ναὶ
630 2726 674 2810 μὰ
697 2726 757 2812 την
780 2727 970 2812 ἀμυγδαλῆν
995 2727 1132 2808 Eupolis
1159 2730 1286 2797 Βύπται
1312 2729 1387 2795 VH.

163 2834 208 2922 μὰ
231 2835 291 2921 την
316 2843 504 2920 Μαραθῶνι
518 2834 579 2918 τὴν
595 2834 675 2919 ἐμὴν
689 2838 795 2920 μύχην
811 2834 948 2916 Eupolis
968 2840 1072 2921 Λημοι
1095 2836 1137 2920 Π,
1157 2842 1192 2901 et
1212 2841 1389 2917 praeterea

163 2948 292 3010 centum
316 2949 475 3024 quattuor
498 2942 586 3009 locis.
1085 2969 1086 2972 ¹

250 3069 464 3135 Substantivo
488 3068 603 3134 omisso
628 3068 788 3134 articulus
812 3071 900 3135 solus
923 3088 996 3134 euru
1020 3069 1064 3154 μά
1092 3069 1197 3135 dictus
1221 3070 1328 3135 estin

170 3173 172 3177 ⁵
465 3178 509 3263 pol
532 3179 601 3254 τὸν,
628 3178 690 3260 ἐγώ
712 3183 771 3262 μέν
794 3177 865 3244 ούο’
892 3179 934 3244 olv
956 3183 1051 3255 εἴτις

466 3286 550 3369 έλιχέ
572 3310 628 3370 μοι
649 3291 715 3351 τῶν
738 3286 963 3372 ἐπιτυχόντων,
989 3336 991 3339 .

467 3393 638 3479 ἐπιθόμην,
662 3401 728 3460 κτλ.
1161 3392 1199 3456 Β.
1225 3391 1388 3475 1374-6,

162 3499 204 3561 ad
228 3499 314 3577 quod
346 3497 551 3565 scholiastes:
583 3500 823 3586 u'oltzlaaaog
853 3502 967 3586 ὀμνύει
996 3504 1050 3568 καὶ
1081 3501 1185 3578 οὕτως
1216 3503 1290 3578 ἔθος
1321 3504 1387 3568 ἐστι

163 3615 231 3684 τοῖς
262 3607 406 3692 ἀρχαίοις
438 3610 540 3674 ἐνίοτε
568 3608 612 3694 μὴ
636 3610 849 3692 προστιθέναι
871 3610 929 3675 τὸν
951 3609 1032 3675 θεὸν
1062 3604 1246 3695 [εὐλαβείας
1267 3606 1389 3696 χάριν]

162 3713 333 3781 εἰώθεισαν
355 3718 389 3782 δέ
412 3725 480 3794 τοῖς
502 3715 663 3794 τοιούτοις
686 3718 796 3801 ὅρκοις
817 3722 959 3805 χρῆσθαι
983 3718 1281 3804 έπενφημιζόμενοι,
1308 3720 1390 3788 o‘lore

162 3827 261 3890 εἰπεῖν
293 3828 352 3906 μέν
385 3824 429 3908 pol
462 3825 531 3900 τὸν,
566 3824 670 3909 ὄνομα
703 3831 737 3893 δὲ
770 3828 880 3914 μηκέτι
910 3835 1112 3910 προσθεῖναι,
1146 3832 1199 3895 καὶ
1228 3831 1391 3898 Πλάτωνα

163 3927 275 4017 [Gorg.
299 3932 364 3997 466
388 3929 439 4020 E]
476 3935 510 3999 δέ
533 3939 578 4020 τῷ
601 3936 740 4020 τοιούτῳ
764 3941 950 4022 κεχρῆσθαι.
1021 3937 1107 4003 Δέον
1142 3941 1241 4006 εἰπεῖν
1262 3938 1306 4024 μοὶ
1330 3938 1391 4006 τὸν

162 4041 240 4119 Acri,
267 4042 311 4126 μοὶ
334 4041 392 4108 τὸν
415 4041 481 4108 εἷπε
500 4036 665 4126 μὸιιοιι.1)”

235 4254 257 4326 ¹)
276 4254 316 4312 Cf.
336 4257 364 4308 et
382 4254 518 4320 Knehner,
538 4253 583 4309 Gr.
604 4251 649 4307 Gr.
670 4256 703 4309 ΙΙ.
723 4258 740 4323 ξ
759 4257 865 4321 coco„
889 4256 1082 4324 Bernhardius,
1102 4256 1214 4328 Syntax,
1234 4275 1298 4329 pag.
1320 4260 1390 4328 loa,

164 4343 295 4415 Kmeger,
316 4344 360 4398 Gr.
380 4343 504 4415 Sprachl.
524 4345 566 4400 50.
586 4345 611 4399 ὃ.
626 4345 665 4412 ,9,
685 4348 713 4399 et
727 4345 845 4412 Passow,
865 4345 1074 4410 Handworterb.
1089 4346 1115 4402 d.
1131 4346 1175 4402 Gr.
1192 4346 1390 4418 spasano,

163 4432 214 4487 nub
233 4450 300 4489 voce
317 4436 364 4505 μά.
802 4448 804 4452 ·
