3156 4966
711 233 814 329 „......3„7..
832 326 847 332 ..

495 467 498 473 -
693 429 724 488 Κ
735 429 776 488 Η.
799 429 846 497 τίς
869 421 1024 509 ἀγορεύειν
1047 425 1209 505 florianam

174 531 267 596 AM.
278 529 343 610 ἐγώ,
367 533 574 612 1111.τ1ςώἰ;
593 536 630 595 Λ
637 537 684 594 Μ.
700 535 877 614 Ἀμφίθεος.
901 535 979 595 ΚΗ.
995 535 1049 594 οὐκ
1064 533 1240 616 ἄνθρωπος;
1255 533 1338 598 AM.
1354 529 1399 592 οὒ.

174 632 407 708 ἀλλ’ἀθᾶνατος,
432 645 448 700 6
470 637 527 723 γὰρ
545 642 715 721 Ἀμφίθεος
737 637 900 724 Δήμητρος
923 637 960 715 ἦν
984 646 1044 700 κτλ.
1216 651 1256 705 Α.
1280 640 1389 707 ‘ib-7

173 760 310 844 φέρ’ἴδω,
335 763 509 847 κιθαρῳδὸς
531 766 577 835 τίς
600 761 741 837 κάκιστος
764 767 898 847 sylvam

176 873 217 935 B·
243 873 260 928 6
284 871 416 933 Πεισίου
438 873 555 947 Μέλης.
600 877 648 936 Α.
670 872 747 954 μετὰ
770 872 824 934 τὸν
850 875 978 947 Μέλητα
1002 869 1074 948 δ’ἦν.

178 987 219 1045 A.
244 977 400 1061 ip'oirps'p’,
425 975 529 1060 ἐγῷδα·
578 981 701 1064 Χαῖρις.
970 981 1192 1045 Pherecratcs.
1238 980 1319 1062 Ἀγρ.
1344 979 1399 1043 IV.

262 1121 343 1187 Eius
376 1091 483 1188 autem
518 1124 618 1209 legis,
657 1144 721 1205 qua
759 1125 918 1190 articulus
955 1123 1101 1204 personis
1133 1122 1311 1203 praeclaris
1344 1124 1397 1188 vel

173 1228 262 1294 notis
285 1229 429 1313 additur,
452 1229 485 1294 hi
509 1230 572 1296 loci
596 1234 747 1312 exempla
769 1231 847 1296 sint:

390 1355 438 1416 ὅτε
461 1351 619 1438 (ληἰιεχὴνη
643 1358 820 1439 προσδοκῶν
843 1354 897 1415 τὸν
919 1350 1079 1438 Αἰσχύλον
1241 1357 1286 1418 Α.
1313 1356 1362 1419 10.
1379 1352 1397 1434 Ι)

389 1466 405 1519 ὁ
427 1469 500 1541 γοῦν
524 1461 647 1538 Πηλεὺς
670 1462 760 1543 ἔλαβε
783 1462 901 1525 διἀὑτὰ
923 1460 980 1538 τὴν
1002 1456 1163 1545 μάχαιραν.
1241 1463 1278 1525 Ν.
1305 1463 1398 1525 1063.

172 1583 252 1647 κατὰ
280 1584 335 1646 τὸν
360 1587 506 1670 Ὅμηρον,
555 1590 590 1655 O.
624 1591 698 1656 910.
755 1587 807 1648 τὸν
839 1589 943 1662 Θαλῆν
977 1591 1014 1653 Ν.
1050 1588 1122 1653 180.
1178 1584 1231 1645 τὸν
1258 1586 1399 1668 Νέστορα

173 1695 213 1759 Ν.
230 1695 325 1760 1067.
363 1699 379 1754 ο
404 1697 544 1768 Πλοῦτος
560 1699 601 1758 Π.
617 1698 690 1762 494.
715 1703 749 1761 et
773 1696 855 1760 alios
879 1701 1016 1776 propter
1031 1694 1187 1759 virtutem
1211 1695 1398 1776 praeclaros

173 1799 413 1883 Aristophanes
446 1803 588 1868 articulo
620 1803 763 1886 insignes
796 1803 923 1867 statuit.
979 1803 1041 1868 Sed
1067 1820 1138 1866 cum
1162 1800 1398 1883 Aristophanes

173 1910 214 1974 de
247 1910 396 1989 personis
427 1915 563 1991 proptor
590 1910 768 1991 nequitiam
796 1910 927 1975 famosis
951 1909 1039 1991 dicit,
1072 1907 1201 1989 saepius
1224 1906 1398 1972 articulum

175 2015 276 2099 ponit,
299 2023 337 2081 ut
360 2017 497 2083 diceret:
520 2020 600 2083 haec
623 2017 684 2082 illa
707 2023 758 2082 est
782 2035 930 2099 persona,
954 2035 1050 2098 quam
1074 2035 1182 2081 omnes
1204 2013 1398 2098 cognoscitis

174 2128 312 2203 propter
335 2123 514 2204 nequitiam
538 2130 573 2190 et
596 2124 846 2207 depravitatem,
870 2130 908 2189 ut
931 2124 965 2189 in

389 2271 404 2325 6
429 2263 593 2347 Πάμφιλος
615 2268 713 2349 δὀὐχὶ
735 2266 786 2328 διὰ
808 2273 918 2329 τοῦτον
942 2261 1119 2343 ulcionem

388 2377 403 2432 6
427 2370 642 2449 Βελενοπώλης
663 2372 760 2456 δὀιλχλ
783 2372 859 2453 μετὰ
881 2381 938 2435 τοῦ
961 2374 1147 2452 Παμφίλου;
1191 2376 1233 2438 Π.
1261 2370 1397 2453 174-5,

173 2512 373 2600 Pamphilus,
407 2522 444 2582 ut
468 2537 488 2582 a
510 2518 689 2583 scholiasta
713 2517 870 2597 discimus,
903 2520 1100 2598 dernagogus
1124 2520 1158 2578 et
1181 2514 1235 2579 fur
1258 2521 1340 2597 erat,
1364 2523 1397 2577 et

175 2619 393 2704 Belcnopolcs
417 2624 484 2690 eius
509 2625 682 2707 parasitus.

262 2749 317 2814 ita
343 2751 401 2818 τὸν
424 2752 612 2837 Λυσικράτη
638 2757 675 2817 0.
708 2749 772 2815 513
807 2750 872 2812 dux
905 2756 978 2813 erat
1012 2748 1103 2814 donis
1128 2752 1309 2827 corruptus.
1338 2747 1395 2812 τὸν

180 2862 358 2944 Κλεισθένη
384 2861 421 2927 B.
445 2861 511 2926 422
535 2860 627 2926 homo
651 2875 755 2922 vanus
779 2861 879 2935 atque
903 2855 1041 2936 ineptus.

388 2970 458 3034 ΗΡ,
483 2972 499 3026 6
522 2969 556 3029 δὲ
581 2963 764 3045 Ξενοκλέης;
787 2965 854 3023 ΔΙ.
879 2957 1010 3036 ἐξόλοιτο
1034 2961 1070 3037 or}
1095 2964 1165 3023 Διά.
1291 2966 1330 3026 Β.
1355 2961 1397 3024 86
1506 3009 1512 3024 .

174 3092 239 3140 uon
263 3081 340 3141 sunt
363 3075 567 3157 explicanda.
616 3072 634 3142 ὁ
661 3073 836 3158 Φιλοκλέης
861 3079 898 3136 Θ.
924 3073 987 3136 168
1011 3088 1165 3135 summum
1190 3068 1305 3134 vitrum
1329 3066 1396 3131 eius

173 3179 356 3248 informitas
380 3182 512 3248 videtur
534 3181 641 3248 fuisse.
692 3184 709 3248 ὁ
742 3182 857 3257 Τελέας
892 3186 928 3243 0.
955 3180 1026 3260 168,
1054 3179 1180 3256 dequo
1205 3172 1397 3239 scholiastes

174 3287 325 3354 Platonis
349 3289 457 3356 verbis
481 3289 595 3372 utitur,

308 3395 375 3458 νοεῖ
394 3398 449 3476 μὲν
473 3397 547 3481 ἕτερ’
573 3398 661 3478 ἕτεροι
684 3397 717 3457 δὲ
740 3401 779 3478 τῇ
800 3388 917 3477 γλώττῃ
941 3392 1017 3472 λέγει
1040 3389 1153 3478 [Eupo.
1180 3386 1251 3476 11‚].

178 3510 236 3570 τοὺ
262 3506 460 3592 Κλεωνύμου
485 3513 522 3571 Ε.
557 3502 642 3570 1295
675 3503 767 3567 homo
800 3501 939 3584 ignavus
975 3499 1046 3564 fuit.
1113 3497 1170 3562 arist
1196 3499 1331 3563 Κλέωνα
1357 3503 1391 3563 l'.

176 3611 240 3678 577
264 3611 411 3678 inimicus
433 3608 675 3694 Aristophanis,
698 3626 803 3687 neque
827 3608 959 3674 dubium
983 3612 1043 3687 est,
1066 3603 1144 3685 quin
1167 3601 1396 3687 Aristophanis

175 3720 286 3784 eadem
311 3720 551 3801 contemptione
577 3715 595 3786 ὁ
617 3724 675 3804 pto
700 3717 878 3801 Etpanlopg
901 3723 938 3783 Β.
963 3717 1006 3781 80
1028 3720 1063 3778 et
1094 3710 1110 3775 λ
1140 3713 1201 3796 γὰρ
1220 3713 1397 3796 Elpinicon

175 3825 212 3891 B.
236 3827 299 3893 861
324 3826 453 3893 dixerit.

160 4010 163 4017 ¹
264 3934 335 3999 Hae
368 3941 445 4000 sunt
479 3936 580 4016 leges,
613 3932 728 4012 quibus
761 3950 875 3997 nomen
909 3930 1094 3996 mortalium
1127 3927 1295 4008 proprium
1327 3927 1396 3990 sine

248 4216 269 4286 ¹)
288 4216 339 4271 llic
367 4216 500 4271 articulus
524 4233 641 4285 aequam
662 4214 717 4271 vim
735 4214 821 4269 habet
839 4216 924 4282 atque
942 4213 1073 4268 Latinum
1093 4211 1173 4281 „ille”
1193 4211 1222 4265 in
1243 4190 1291 4280 ue'x
1310 4212 1396 4280 ponto

176 4305 274 4360 Medea
300 4306 351 4360 illa
378 4307 518 4375 quondam
546 4305 700 4376 profugisse
727 4304 845 4359 dicituru
875 4336 908 4343 -
936 4303 1010 4361 Man.
1039 4303 1063 4356 9.
1093 4304 1135 4357 28.
1186 4300 1226 4355 Ol.
1255 4301 1397 4370 praeterea

175 4394 314 4452 Kuchncri
334 4397 408 4450 Ausi.
430 4397 549 4450 Gramm.
570 4395 594 4449 d.
615 4395 674 4449 Lat.
696 4397 755 4465 Spr.
775 4395 807 4461 Π,
826 4413 853 4464 p.
873 4395 933 4448 454.
971 4394 1051 4446 Anna.
1071 4394 1096 4445 l.
