3156 4966
693 235 736 308 93

191 439 226 502 Β.
251 439 379 503 Natura
402 437 550 520 genetivi
579 458 637 518 pro
662 438 825 505 adieetivo
849 439 987 504 adhibiti
1011 445 1049 504 ut
1072 440 1140 505 elia
1163 440 1327 505 adieetive

93 565 119 610 a
164 545 324 625 positione
364 547 451 626 apud
489 545 665 610 articulum
711 552 746 611 et
791 565 920 630 nornen,
965 548 1008 611 nd
1049 549 1135 626 quod
1176 546 1327 629 refertur,

96 654 277 733 dependet.
323 652 378 718 ita

190 759 215 824 I.
239 759 272 824 in
296 758 496 831 attributivn
519 760 692 840 positione:

315 889 332 943 ύ
355 891 412 945 τοῦ
434 880 590 945 Διονύσου
611 880 669 966 γάρ
692 885 718 946 σ’
742 883 839 968 ἱερεύς
861 886 1087 973 μεταπέμπεται
1106 896 1109 901 ’
1163 888 1208 951 Α.
1233 887 1328 968 1087,

96 1011 159 1076 ubi
172 1010 309 1093 Dionysi
323 1013 474 1076 sacerdos
488 1012 530 1075 ab
544 1011 681 1077 aliorum
697 1014 828 1076 deorum
843 1011 1066 1077 sacerdotibus
1077 1009 1328 1095 distinguitur.¹)

96 1116 180 1182 Alia
203 1119 353 1198 exempla
376 1126 455 1183 sunt

687 1231 706 1299 ἡ
731 1220 862 1305 λόφωσις
885 1229 903 1299 ἡ
927 1232 988 1285 τοῖν
1013 1225 1127 1309 ὀρνέων
1194 1225 1229 1290 O.
1254 1226 1327 1291 291,

335 1329 389 1391 τὸν
412 1327 525 1414 τρόπον
547 1327 731 1411 μιμούμεναι
753 1330 808 1393 τύν
830 1337 892 1392 τῶν
916 1332 1066 1414 ἀγροίκων
1124 1332 1162 1396 Ε.
1187 1333 1327 1396 278-9.

95 1455 154 1518 τὸν
178 1452 312 1517 σκύλακα
338 1454 391 1517 τὸν
423 1464 480 1518 τοῦ
502 1457 658 1539 προξένου.
683 1459 789 1540 Plato,
818 1457 925 1528 Ἑλλας
953 1457 991 1522 V.
1038 1458 1087 1520 ἕπί
1113 1455 1170 1532 τὴν
1192 1454 1327 1537 κεφαλὴν

94 1560 157 1638 τὴν
182 1557 365 1646 Σωκράτους
387 1567 425 1628 Ν.
452 1567 523 1629 147.
569 1570 630 1624 ταῖν
653 1569 767 1643 μιλίων
794 1571 855 1624 τῶν
882 1564 1065 1635 Φιλοκλέους
1088 1568 1123 1630 Σ.
1146 1566 1220 1630 463.
1267 1571 1328 1625 τῶν

100 1671 305 1754 Ηρακλειδῶν
329 1671 394 1731 οὐδ’
418 1675 522 1732 ὁτιοῦν
545 1678 607 1731 τῶν
630 1673 800 1751 Παμφίλου
823 1673 865 1736 Π.
889 1671 962 1738 385.

146 1796 195 1857 ἐπὶ
217 1796 301 1857 ταῖσι
323 1802 380 1857 τοῦ
403 1791 587 1867 Πλούτωνος
611 1796 745 1858 οἴκουσιν
768 1791 881 1881 θύραις
1192 1798 1230 1862 Β.
1256 1797 1328 1862 163.

147 1900 202 1974 τάς
226 1904 329 1986 στίχας
353 1908 426 1987 ὁρᾷς
448 1901 503 1974 τάς
525 1905 621 1966 τοῖνδε
645 1911 706 1965 τῶν
730 1909 826 1978 λαῶνς
1203 1909 1230 1966 Ι.
1256 1905 1327 1969 163.

147 2007 187 2070 τά
210 2008 300 2073 λοιπά
322 2016 406 2101 τηρῶ
429 2006 576 2093 σκευάρια
598 2010 638 2071 τά
660 2018 721 2072 τῶν
744 2020 836 2077 θεῶν.
1192 2011 1230 2077 Ε.
1255 2013 1327 2078 301.

145 2119 176 2178 τί
198 2115 273 2200 πρὸς
295 2115 334 2177 τά
349 2117 468 2178 Λυδῶν
491 2118 598 2180 δεῖπνα
622 2121 673 2180 καί
695 2117 735 2179 τά
758 2121 934 2194 &aseheim
1007 2120 1203 2198 Ταχηνισταί,
1226 2118 1284 2201 IV,
1299 2121 1327 2184 2,

193 2242 303 2308 Etiam
330 2246 357 2308 1.
381 2244 523 2329 445-6,
557 2246 630 2328 764,
663 2246 737 2329 831,
772 2245 866 2329 1085,
897 2247 991 2329 1372,
1023 2249 1060 2310 Σ.
1083 2246 1157 2322 819,
1189 2244 1222 2304 Ε
1251 2245 1326 2320 419,

96 2350 147 2416 Λ.
172 2351 290 2433 93-4,
314 2352 351 2416 Β.
378 2349 452 2428 153,
477 2352 572 2434 1463,
595 2352 818 2435 Pherecrates,
840 2347 940 2422 Ἱπνός
961 2353 1001 2436 Π,
1026 2358 1088 2416 eto.

192 2475 438 2541 Substantivurn
472 2495 589 2559 regens
617 2475 757 2542 articulo
782 2482 886 2559 earet,
921 2477 976 2556 qui
1000 2477 1153 2560 genetivo
1178 2477 1328 2559 sequenti

96 2579 294 2667 additur:²)

316 2705 369 2768 εἶτ’
393 2702 526 2786 ἐξάνοιγε
549 2703 686 2789 μηχανάς
708 2705 764 2777 τάς
787 2703 929 2787 Σισύφου
1183 2711 1229 2770 Α.
1253 2710 1328 2776 391.

315 2812 398 2875 κᾶστ’
423 2815 454 2875 ἐκ
477 2821 628 2894 γυναικῶν
652 2814 806 2898 εὐπτέρων
829 2821 890 2875 τῶν
912 2811 1069 2899 Κοισύρας
1189 2819 1230 2877 Ν.
1254 2816 1327 2882 800.

192 2959 234 3022 ΙΙ.
271 2958 311 3023 In
343 2958 543 3025 attributiva
576 2959 736 3040 positione
769 2958 942 3042 genetivus
979 2980 1043 3025 non
1081 2959 1155 3025 aliis
1187 2959 1328 3024 eiusdem
1438 3004 1441 3013 ·

95 3065 232 3150 generis
266 3066 449 3151 opponitur,
482 3069 540 3132 sed
563 3066 629 3132 vim
661 3066 856 3148 partitivum
888 3068 944 3131 vel
972 3067 1188 3147 possessivum
1219 3068 1326 3132 habet.

95 3172 183 3240 Eius
207 3193 283 3254 pars
307 3177 362 3239 vel
393 3174 551 3255 possessio
574 3175 703 3242 nomine
735 3182 871 3258 regente
895 3192 1049 3255 expressa
1082 3173 1155 3238 aliis
1178 3174 1327 3255 partibus

98 3281 158 3347 vel
177 3281 430 3360 possessionibus
454 3281 595 3347 eiusdem
610 3282 757 3365 genetivi
771 3287 988 3363 opponuntur.
1027 3283 1079 3346 Its
1101 3278 1156 3341 τὸν
1179 3277 1326 3364 κεραυνὸν

97 3393 160 3449 τοῦ
182 3382 257 3458 Διὸς
283 3387 420 3456 (11538
443 3388 564 3454 fulmen
587 3388 674 3455 Iovis
698 3388 771 3454 aliis
793 3389 972 3455 virtutibus
987 3389 1128 3454 eiusdem
1144 3387 1327 3470 opponitur,

98 3513 168 3561 non
190 3492 320 3561 fulmini
341 3494 425 3561 alius
450 3495 510 3562 dei.
556 3496 603 3562 Et
624 3495 674 3561 ita

175 3690 195 3758 ¹)
214 3689 347 3759 “Interest
364 3688 473 3758 aliquid
491 3684 587 3745 uirum
605 3688 743 3744 scribetur
756 3695 801 3742 καὶ
819 3690 851 3740 τὰ
870 3692 941 3756 τείχη
959 3689 992 3741 τὰ
1009 3689 1158 3755 Ἀθηναίων
1177 3703 1213 3742 nn
1232 3693 1277 3740 καὶ
1295 3688 1328 3740 τά

99 3780 171 3845 τείχη
189 3779 242 3830 τῶν
258 3777 414 3846 Ἀθηναίων.
453 3778 510 3834 Hoc
538 3778 613 3833 enim
632 3781 673 3834 est
701 3777 871 3848 simpliciter,
897 3777 950 3846 ‘die
968 3778 1084 3833 Manem
1103 3778 1152 3831 der
1170 3777 1326 3842 Athenher’,

100 3867 175 3922 illud
193 3885 241 3938 per
259 3867 463 3938 oppositionem
478 3867 585 3922 dietum
605 3871 653 3934 est,
673 3867 713 3922 sie
731 3870 764 3922 ut
781 3867 894 3923 navalia
912 3871 941 3922 et
959 3867 1032 3922 muri
1046 3866 1258 3922 Atheniensium
1277 3870 1327 3920 aut

101 3957 295 4012 discernantur
309 3956 344 4011 ab
360 3955 497 4011 similibus
512 3956 639 4028 operibus
653 3957 770 4011 alierum
782 3957 894 4011 urbium
909 3959 959 4013 aut
973 3974 1036 4011 eum
1052 3956 1191 4027 gravitate
1205 3956 1326 4024 quadem

102 4046 314 4102 Atheniensium
341 4063 399 4101 esse
426 4046 572 4104 dieantur:
607 4047 660 4116 ⁸die
679 4049 794 4102 Manem
819 4047 941 4103 nimlieh
960 4047 1006 4102 die
1031 4047 1079 4102 der
1097 4046 1271 4112 Athenber”',
1295 4077 1323 4085 ω

101 4134 291 4190 Stallhaumus
309 4135 346 4190 ad
364 4135 453 4203 Plato,
473 4135 554 4206 Gorg.
574 4139 628 4192 455
645 4138 679 4194 Ι).
716 4137 757 4196 cf.
777 4140 805 4191 et
822 4136 987 4207 Apollonius
1005 4140 1064 4206 περὶ
1083 4155 1144 4188 συντ
1162 4139 1182 4192 Ι.
1202 4137 1245 4192 40.

173 4224 291 4296 Angliee
300 4225 374 4280 idem
383 4242 433 4297 per
442 4226 586 4296 emphasin
596 4226 712 4297 exprimi
723 4228 823 4297 potest,
838 4228 870 4279 ut
882 4226 917 4278 τὰ
929 4228 999 4292 τείχη
1013 4226 1046 4278 τὰ
1059 4225 1112 4278 τῶν
1124 4223 1272 4292 Ἀθηναίου
1281 4247 1326 4274 ;-.

102 4312 162 4368 The
179 4313 382 4370 Athenian
400 4314 487 4383 walls,
502 4315 550 4370 sed
563 4317 679 4384 τὰττίχη
692 4318 745 4368 τῶν
761 4314 1029 4384 'sideralem-:the
1043 4312 1184 4369 Athenian
1202 4313 1325 4374 walls.

174 4401 197 4476 2)
216 4403 256 4458 cf.
275 4422 303 4475 p.
322 4404 365 4460 82.
1062 4437 1063 4441 κ
1209 4412 1212 4420 ’
