3156 4966
718 244 876 343 *αρν

271 431 305 498 O.
329 432 438 501 erasis
462 438 584 518 duplex
607 439 663 504 vel
687 437 871 504 coniunctio
895 436 1027 510 ertiouli
1046 442 1082 502 et
1102 455 1173 502 eum
1191 437 1424 511 antecedente,

180 546 217 605 et
238 559 313 607 eum
337 548 495 622 sequente
518 546 679 612 vocabulo
702 545 752 611 hie
775 545 856 612 loeis
878 544 1012 612 videtur
1033 543 1187 610 inveniri:

268 650 449 737 μούταῖρος
482 659 561 738 (μου
583 646 702 739 τοῦρος
725 660 760 720 Β.
785 661 819 722 Γ.
853 654 929 719 Ald.
959 651 1144 740 μὀὖσαῑρος
1168 651 1222 736 R.)
1262 659 1320 719 Εα.
1343 657 1407 725 912

181 788 221 811 =
237 784 296 844 μοι
320 757 340 828 ὅ
361 761 499 847 ἑταῖρος.
522 762 762 853 ,,Οοῐιῐῐάοῖιιη],
784 762 818 828 ni
832 761 940 845 fallor,
964 778 1004 825 ex
1027 763 1111 839 μοιὸ
1135 759 1230 845 (μού)
1265 760 1406 845 ἑσαῐρος;

177 863 323 931 fortasse
346 886 387 933 ex
410 891 470 948 μου
485 869 636 953 οοτοῖρος,
659 872 772 936 eadem
787 850 872 934 etesi
888 885 972 948 quae
985 865 1024 931 fit
1038 866 1072 932 in
1085 867 1239 949 τούρανοῦ
1268 873 1309 933 Ε.
1326 867 1408 935 199”

179 1007 225 1018 -
250 973 404 1056 Bloydee.

271 1081 438 1161 Χάμοοὶας
469 1083 640 1166 (Dindorfii
667 1083 859 1151 emendatio.
907 1083 964 1143 Χὼ
989 1081 1128 1151 ’Μανίας
1149 1119 1192 1127 -
1216 1080 1405 1157 Meinekiue

178 1186 348 1265 Χάμοοίος
372 1228 410 1239 -
436 1190 593 1275 Kookius)
617 1191 755 1273 Eupolis
779 1186 891 1260 Πόλσις
915 1191 974 1250 XI
993 1217 1037 1245 .-:
1060 1190 1112 1250 καὶ
1135 1192 1152 1247 o
1173 1189 1326 1269 Ἀμυνίας,

151 1362 157 1369 ,
269 1295 383 1379 χάτέρα
406 1298 539 1381 (χ’ἀτὲρα
582 1305 620 1365 Ν
625 1351 631 1365 ,
655 1299 768 1382 χάτὲρα
810 1299 849 1365 R.
872 1297 984 1379 χῆτερα
1020 1300 1057 1362 Δ.
1080 1295 1192 1378 χήτέρα
1223 1301 1261 1362 Β.
1284 1296 1407 1381 χ’ἡτὲρα

177 1399 211 1466 O.
234 1401 350 1484 χήτέρα
373 1405 536 1488 Engerus)
565 1413 607 1472 A.
635 1407 719 1473 1088
744 1437 797 1461 z
819 1407 871 1467 καὶ
893 1409 912 1479 ἡ
936 1403 1032 1486 ἑτέρα.

269 1509 463 1592 Bleydeeius
496 1513 580 1596 legit
612 1520 787 1594 praeterea
818 1514 970 1595 χῆγχουσα
1003 1511 1176 1592 (χῆγχουσα
1211 1510 1406 1577 Diodorfius.

176 1615 342 1705 χῆγχουσα
374 1617 435 1685 ΒΟ.
466 1619 618 1702 χῆγχουσα
650 1625 686 1686 A.
709 1622 871 1703 χ’ἤγχοοσα
909 1626 943 1687 N
950 1673 957 1686 ,
980 1618 1130 1706 χῆγχουσα
1153 1618 1190 1683 L.
1213 1619 1259 1700 χ’ἡ
1277 1619 1405 1699 ”γχοοσα

176 1722 379 1809 Brunekiue)
407 1732 450 1792 A.
474 1728 517 1793 48
541 1747 575 1772 =
598 1729 649 1789 καὶ
672 1732 690 1802 ἡ
714 1727 850 1809 ἔγχοοσο.

268 1831 397 1914 χᾶνδρες
432 1834 581 1919 (γ’ἄοδρες
615 1835 753 1918 Reisigii
790 1835 877 1902 Coni.
912 1854 986 1918 pag.
1019 1833 1093 1899 258.
1153 1833 1280 1916 αᾶοὰρες
1316 1832 1404 1897 BOA.

179 1937 322 2012 Brunck.
346 1946 381 2005 et
404 1940 524 2024 Bergk.
546 1943 683 2026 γ’ἄνδρες
705 1943 787 2023 NR.)
815 1949 857 2008 A.
881 1942 947 2008 594
969 1973 1022 1993 =
1045 1943 1098 2002 uoci
1120 1947 1148 2000 oi
1171 1941 1285 2023 ἄνδρες.

502 2196 525 2275 ς
549 2190 579 2259 3.
627 2191 679 2257 De
703 2190 850 2258 articuli
873 2189 1089 2274 positione.¹)

269 2312 308 2377 A.
346 2313 528 2401 Articulue,
561 2324 599 2382 ut
631 2338 683 2384 ree
716 2321 878 2402 postulat,
910 2317 944 2382 in
976 2315 1231 2396 iuxtapoeitione
1264 2334 1334 2380 oum
1367 2334 1405 2380 eo

175 2417 309 2484 nomine
333 2427 392 2504 eet,
416 2426 458 2489 ed
472 2427 558 2504 quod
581 2425 732 2508 refertur,
756 2432 795 2490 ut
817 2423 852 2485 τὸ
876 2425 949 2508 κέαρ
979 2433 1023 2491 Α.
1047 2424 1076 2489 5.
1100 2421 1171 2493 τοὺς
1190 2422 1297 2492 ἱππέας
1318 2429 1360 2489 Α.
1376 2425 1403 2487 i.

175 2525 310 2608 τοῦργον
349 2533 391 2594 Α.
416 2531 445 2595 8.
468 2528 521 2591 τὸν
545 2527 704 2614 Αἰσχύλον
728 2535 773 2597 A.
799 2533 849 2597 10.
873 2530 926 2592 τὸν
949 2527 1040 2614 χορὸν
1061 2533 1105 2595 Λ.
1127 2532 1177 2596 11.
1200 2533 1256 2602 τὴν
1274 2529 1404 2612 nepetae

175 2634 224 2696 A.
241 2634 291 2699 12.
307 2640 378 2719 ete,
397 2643 459 2702 ete.
479 2641 535 2704 sed
550 2647 588 2704 ut
607 2640 640 2704 in
655 2640 800 2705 omnibus
815 2639 947 2719 seriptis
961 2637 1097 2703 Graecis
1116 2636 1165 2702 ito
1184 2635 1218 2701 in
1233 2635 1404 2701 comoediis

175 2740 221 2806 ab
244 2757 283 2805 eo
305 2743 502 2827 seiungitur:

268 2886 304 2950 B.
341 2886 414 2952 Uno
447 2890 503 2953 vel
535 2890 699 2970 plerisque
731 2889 903 2970 particulis
932 2890 996 2968 μὲν,
1020 2888 1063 2966 δὲ,
1086 2884 1153 2971 γὰρ,
1177 2887 1246 2970 ἄρα,
1271 2891 1342 2968 oto..
1364 2887 1403 2944 τα

175 2992 234 3071 μὲν
258 2993 333 3053 ἄλλα
356 2993 501 3061 Εκ.644.
535 2992 666 3067 ὁδόἱὸς
686 3001 730 3061 Α.
756 2997 828 3062 145.
865 2994 961 3080 ὁγὰρ
984 2991 1084 3079 πατήρ
1113 3001 1155 3062 Σ.
1182 2995 1254 3060 139.
1292 2998 1403 3072 ὁγοῦν

177 3095 332 3183 χαρακτήρ
360 3109 403 3168 Ε.
428 3104 501 3169 220.
548 3106 642 3183 ὁμὲν
664 3102 721 3188 γὰρ
745 3104 843 3175 αἴτιος
879 3105 916 3166 Θ.
942 3105 1014 3169 766.
1061 3107 1077 3162 ὁ
1104 3102 1159 3182 μέν
1181 3102 1207 3181 γ’
1231 3099 1404 3183 Εὐριπίδης

183 3210 222 3273 Β.
247 3208 299 3273 80.
345 3213 361 3268 ὁ
393 3211 427 3271 δὲ
459 3208 497 3285 δὴ
521 3211 624 3291 δελφίς
656 3212 872 3278 Pherecrates
894 3212 974 3293 Ἁγρ.
998 3210 1054 3276 VI.
1101 3209 1175 3289 ὄγέ
1194 3231 1243 3269 τοι
1271 3201 1403 3276 Σικελὸς

174 3314 406 3401 Aristonymus
436 3320 500 3382 ‘Hi
528 3321 586 3399 Ριγ.
613 3322 639 3384 Ι.
695 3327 723 3380 οἱ
753 3321 809 3399 μὲν
835 3317 892 3402 γὰρ
921 3315 976 3380 οὖν
999 3318 1131 3397 τέττιγες
1157 3318 1192 3381 0.
1216 3317 1267 3381 39.
1314 3318 1402 3375 αἵτε

174 3422 323 3505 θρίνακες
360 3430 402 3490 Ε.
422 3423 495 3490 567.
541 3424 614 3497 τούς
645 3429 700 3506 μὲν
733 3428 781 3510 ἄρ’
805 3428 914 3497 ἄλλους
946 3424 1142 3506 Hermippus
1178 3422 1271 3503 Μοίρ.
1295 3422 1347 3486 ΙΠ.
1372 3421 1401 3486 3.

173 3534 247 3613 eto..
271 3534 331 3595 eto.

266 3673 298 3740 C.
314 3673 478 3743 Genetivo
493 3675 674 3758 possessivo
689 3676 886 3758 pronominis
901 3674 1058 3758 reflexivi
1081 3677 1124 3740 ed
1145 3674 1230 3756 quod
1253 3673 1400 3752 exempla

173 3779 241 3846 vid.
266 3780 343 3863 Cep.
367 3784 415 3848 VI
437 3783 457 3870 ξ
482 3787 499 3851 1
526 3787 552 3849 B
574 3785 623 3850 IV
646 3784 691 3870 (p.
717 3784 804 3869 103).

265 3925 304 3990 D.
327 3926 413 3992 Aliis
427 3927 538 3994 verbis
552 3927 767 4011 attributivis,
786 3932 825 3992 ut
844 3926 1018 4008 adverbio,
1037 3923 1201 4008 genitivis,
1219 3922 1400 3989 nominibus

159 4050 248 4097 ¹oum
263 4034 514 4118 praepositione,
529 4041 600 4118 eto,
623 4037 667 4101 ad
681 4037 767 4118 quod
781 4036 869 4100 loooe
883 4033 959 4099 vide
974 4032 1092 4113 CepV
1112 4031 1131 4118 ᾗ
1146 4033 1166 4098 3
1185 4032 1252 4096 ΑΒ
1275 4035 1311 4094 et
1328 4029 1400 4094 CII

174 4139 1130 4228 οααμαοαμαοαα

247 4317 268 4382 ¹)
289 4316 443 4373 Firnhaber
460 4336 509 4371 zur
528 4317 573 4372 Gr.
596 4316 778 4372 Grammatik.
817 4316 961 4386 “Stellung
980 4315 1028 4370 dee
1047 4315 1186 4372 Artikels''
1206 4313 1335 4372 Zeitechr,
1346 4308 1399 4366 ‘fer

174 4406 392 4474 Alterthumew„
428 4407 478 4462 ed.
497 4412 522 4472 8,
543 4408 636 4479 (1841)
655 4426 682 4477 p.
702 4409 755 4464 206
774 4425 813 4476 sq.
