3156 4966
619 238 622 243 ·
711 229 870 327 Aa...

175 419 290 486 verbis
318 420 501 487 Heindorfii
532 421 678 506 intelligi
709 427 829 507 potest,
862 422 918 504 qui
941 423 1022 488 haec
1044 427 1135 486 recte
1158 422 1255 488 dicit:
1269 421 1290 504 ¹)
1321 444 1404 506 “non

174 534 247 592 tam
265 526 365 592 facile
389 547 469 594 sane
492 525 546 588 τόν
574 526 667 614 [ante
686 528 796 618 ἄνδρα]
830 530 952 595 excidit
980 548 1076 610 quam
1099 532 1116 587 ὁ
1139 536 1218 595 ante
1242 526 1346 613 deind
1369 537 1405 598 et

172 630 335 716 iterum,²)
358 635 488 718 “Malim
513 639 528 695 o
553 631 630 719 ἀνὴρ
655 656 848 718 quamquam
871 636 999 718 inipso
1023 639 1118 701 textu
1137 636 1312 703 articulum
1335 639 1405 705 sine

174 740 272 806 libris
303 740 473 807 intrudere
507 742 571 807 iam
603 762 667 809 non
692 743 820 810 ausim.’'
865 744 917 810 Ad
941 742 1077 824 primum
1099 742 1281 809 Heindorfii
1303 746 1404 812 Stall-

173 845 367 926 baumus:³)
396 867 455 931 une
479 847 551 929 quis
576 868 646 914 cum
670 850 858 916 Heindorfio
883 851 980 932 ἄνδρα
1002 869 1061 932 pro
1084 847 1138 910 τὸν
1162 850 1259 934 ἄνδρα
1283 853 1404 920 dictum

173 958 275 1035 putet
303 953 469 1020 verissime
500 954 660 1022 iudicavit
683 956 947 1022 Wittenbachius
980 957 1077 1039 ἄνδρα
1110 963 1248 1023 venuste
1276 965 1405 1026 etcum

173 1061 326 1127 irrisione
359 1064 500 1142 quadam
532 1062 702 1128 indefinite
724 1063 867 1144 positum
900 1082 970 1128 esse
1002 1069 1040 1128 ut
1072 1063 1213 1131 articulo
1236 1085 1301 1132 non
1325 1087 1405 1148 opus

176 1166 256 1233 est.”
302 1168 498 1234 Kuehnerus
531 1187 600 1235 eam
624 1170 882 1236 emendationem
905 1169 966 1235 sibi
990 1169 1162 1251 displicere
1185 1171 1235 1237 his
1258 1173 1403 1258 verbis⁴)

176 1277 341 1342 ostendit:
365 1276 435 1364 “Da
458 1276 550 1341 nicht
563 1277 651 1342 bloss
675 1278 734 1342 der
749 1277 848 1361 Nom,
872 1279 1013 1342 sondern
1028 1277 1112 1342 auch
1130 1277 1183 1343 die
1197 1279 1405 1364 abhdngigen

175 1384 286 1450 Kaous
300 1405 335 1450 so
350 1384 533 1467 gebraucht
547 1386 688 1468 werden,
711 1404 746 1450 so
769 1384 814 1449 ist
837 1383 890 1449 die
908 1384 1098 1450 Schneibart
1121 1387 1286 1469 ἅνθρωπος
1314 1387 1405 1454 nicht

176 1509 218 1556 zu
243 1490 394 1575 billigen,
427 1490 490 1556 wie
522 1492 606 1556 auch
637 1491 729 1556 nicht
761 1486 838 1574 ἁνήρ
861 1496 901 1557 st.
926 1487 1016 1576 dodo,
1049 1511 1146 1558 weun
1174 1513 1207 1558 eu
1231 1493 1291 1559 auf
1310 1493 1405 1561 einen

176 1597 396 1682 bestimmten,
412 1599 531 1665 vorher
545 1603 734 1682 genannten
745 1599 921 1663 Menochen
935 1599 1182 1664 zuriickweist.”
1217 1599 1405 1667 Dindorlius

177 1709 297 1771 contra
331 1705 462 1787 dicit:⁵)
499 1706 625 1789 “diodero
656 1704 839 1788 Elmsleius‚
877 1706 984 1787 ἄνδρες
1021 1710 1056 1770 et
1088 1705 1134 1771 sic
1165 1706 1285 1788 ubique
1318 1705 1403 1791 ἀνὴρ,

176 1814 356 1895 ἅνθρωπος,
380 1815 534 1895 neglecta
557 1812 642 1878 crasi
665 1831 736 1878 cum
759 1812 909 1896 articulo,
943 1814 982 1877 de
1005 1831 1069 1893 quo
1092 1816 1192 1879 semel
1215 1821 1404 1881 monemus.”

176 1919 226 1984 Et
250 1919 443 2001 Blaydesius
466 1923 546 1984 nota
573 1921 616 1983 ad
649 1913 815 2004 udrtpdci)
843 1918 941 1984 dicit:
973 1919 1030 1999 “In
1057 1920 1238 1988 huiusmodi
1261 1923 1404 1989 crasibus

175 2045 256 2090 raro
288 2026 462 2091 articulum
494 2031 671 2091 servarunt
701 2025 787 2092 libri
819 2045 850 2093 v,
878 2026 980 2092 Bekk.
1013 2030 1056 2092 ad
1087 2029 1177 2094 Dein.
1201 2049 1231 2110 p.
1257 2031 1316 2115 lu,
1349 2031 1405 2112 qui

176 2135 353 2217 ἄνθρωπος,
390 2129 534 2218 ἁδελφός,
571 2129 661 2218 ἀνὴρ,
699 2128 798 2217 αὐτὸς,
836 2136 887 2218 ἄν,
915 2132 1041 2200 ⁴contra
1077 2135 1177 2201 libros
1213 2139 1405 2220 plerumque

175 2240 353 2320 reposuit.''

269 2347 361 2412 Haec
384 2348 567 2413 emendatio
590 2347 691 2429 ipsius
705 2347 935 2430 Aristophanis
959 2368 1020 2414 usu
1042 2350 1173 2433 probari
1186 2357 1307 2436 potest,
1331 2372 1406 2418 nam

177 2473 253 2520 cum
285 2474 378 2520 casus
412 2457 558 2535 obliquos
595 2455 731 2521 nominis
767 2455 853 2541 ἀνὴρ
892 2457 1179 2541 percurrissemus,
1216 2458 1405 2541 genetivum

181 2562 306 2646 ἀνδρός
331 2561 451 2645 viginti
474 2567 599 2642 septem
622 2562 702 2628 locis
725 2563 867 2628 inveniri
889 2563 1049 2647 videmus,
1082 2582 1218 2643 quorum
1245 2584 1303 2630 sex
1326 2565 1405 2632 locis

177 2669 341 2736 articulus
374 2667 505 2734 additu-r
540 2675 597 2752 ost,
631 2675 665 2734 et
698 2688 738 2736 ex
772 2669 908 2750 reliquis
940 2689 1004 2736 uno
1036 2676 1072 2735 et
1104 2670 1224 2754 viginti
1247 2672 1327 2737 locis
1350 2673 1406 2740 ubi

177 2775 342 2842 articulus
375 2775 508 2840 omissus
541 2781 601 2858 est,
633 2795 697 2842 uno
725 2777 846 2862 ἀνδρός
872 2776 999 2842 finitum
1031 2783 1091 2860 est,
1124 2784 1159 2843 et
1182 2778 1209 2843 is
1232 2779 1405 2862 genetivus

178 2885 352 2950 absolutus
376 2881 467 2947 etin
491 2882 588 2948 choro
612 2889 676 2948 est:
987 2873 996 2891 ‘

341 3022 379 3085 σύ
397 3023 423 3085 δ’
439 3022 550 3108 ἀνδρὸς
573 3025 815 3106 ἐκπεπληγμένου
838 3032 889 3090 καὶ
912 3035 1051 3111 φανερῶς
1074 3028 1245 3112 ἐπηρμένου
1355 3057 1358 3065 ·

339 3129 429 3211 γνοὺς
452 3127 623 3215 ἀπολάψεις
646 3133 662 3194 ὅ
684 3159 715 3195 τι
737 3135 878 3197 πλεῖστον
902 3129 1032 3197 δύνασαι

339 3238 462 3320 ταχέως·
508 3244 569 3305 κτλ,
1200 3246 1240 3306 Ν.
1263 3244 1403 3310 810-2.

177 3381 324 3450 Dativus
371 3401 463 3447 casus
513 3383 623 3470 dodoi,
668 3384 695 3448 si
735 3386 824 3451 locos
865 3386 1025 3466 repetitos
1065 3387 1110 3450 Α,
1152 3386 1217 3451 223
1259 3391 1294 3450 et
1339 3387 1405 3452 224

176 3508 280 3556 uinum
311 3489 474 3574 habemus
508 3490 612 3555 tribus
644 3491 725 3557 locis
755 3511 826 3557 cum
849 3481 1080 3576 articulatis
1104 3491 1172 3557 sine
1196 3491 1345 3578 articulo,
1369 3501 1404 3560 et

140 3675 144 3682 Ι
175 3598 213 3663 id
228 3595 425 3681 indefinitus,
444 3597 621 3664 invenitur.
666 3598 884 3665 Accusativus
903 3620 995 3665 casus
1011 3600 1233 3682 quadraginta
1247 3607 1405 3681 quattuor

176 3703 261 3770 locis
293 3703 468 3770 articulum
500 3705 600 3771 habet
634 3711 669 3771 et
700 3705 841 3789 triginta
878 3713 1003 3787 septem
1039 3706 1119 3772 locis
1156 3706 1313 3793 articulo,
1349 3709 1404 3775 ubi

176 3867 390 3878 --·-”-

254 3952 274 4020 1)
293 3953 329 4005 ad
347 3951 419 4010 Plat.
439 3951 552 4009 Thaeet.
572 3953 623 4008 162
641 3952 672 4009 Β.

252 4040 272 4106 2)
292 4041 329 4094 ad
347 4041 418 4099 Plat.
438 4041 550 4096 Thaeet.
572 4043 624 4097 162
643 4041 674 4098 H.
1028 4085 1030 4089 r

252 4128 273 4200 ³)
292 4129 328 4183 ad
347 4129 418 4183 Plat.
438 4129 556 4184 Phaedo.
578 4132 613 4186 98
632 4132 663 4190 Β.
683 4132 717 4187 of.
737 4133 880 4201 practerea
898 4134 993 4186 notam
1012 4131 1071 4186 eius
1090 4131 1125 4186 ad
1144 4132 1256 4189 Thaeet.
1277 4135 1328 4190 155
1338 4135 1370 4190 D.

252 4218 273 4284 ⁴)
294 4217 338 4273 Gr.
360 4217 404 4273 Gr.
424 4221 458 4285 ΙΙ,
478 4221 494 4289 5
513 4221 573 4286 462,
593 4236 615 4274 ο.

252 4308 275 4377 ⁵)
294 4307 330 4362 ad
349 4309 382 4363 A.
402 4310 461 4364 115.

252 4397 273 4465 ⁰)
294 4401 323 4452 Θ.
342 4398 403 4454 405.
