3156 4966
704 179 862 278 -aa,

272 369 339 438 Gap.
359 368 391 422 V.
428 370 469 435 De
488 370 606 425 articulo
626 387 688 426 cum
709 372 797 428 vorbis
811 369 979 428 substantivi
997 373 1058 427 loco
1076 373 1175 443 positis
1202 392 1256 428 usu
1279 376 1309 429 st

298 458 332 512 de
342 457 401 512 eius
410 458 439 513 vi
449 457 631 515 attributivae
641 461 684 516 vel
698 460 904 530 praedicativae
917 460 1064 530 positionis
1079 463 1308 518 determinandae
1363 468 1399 522 79

173 549 189 616 fi
210 551 233 604 1.
270 547 310 602 De
328 546 441 601 articuli
458 547 489 603 in
507 549 653 604 adiectivis
671 567 723 603 usu
760 591 1304 610 .............
1362 556 1397 609 79

209 639 233 692 2.
270 637 311 691 De
329 636 442 691 articuli
460 654 523 692 cum
541 638 700 709 participiis
720 658 770 693 usu
809 681 1304 700 ............
1362 644 1398 699 83

208 728 233 782 3.
270 726 310 781 De
328 726 446 782 articulo
464 745 528 783 cum
546 727 685 784 adverbiis
704 727 852 783 coniuncto
895 769 1305 789 ..........
1360 733 1398 786 86

207 819 233 870 4,
270 817 310 871 De
329 815 447 870 artiordo
465 816 664 887 praepositioni
683 835 744 872 cum
764 818 875 872 nomine
893 817 989 874 addito
1032 859 1305 877 .......
1359 822 1396 877 89

208 908 233 962 5.
270 906 310 960 De
328 905 442 961 articuli
468 923 520 961 usu
548 906 585 960 ad
613 906 770 976 genetivum
798 906 945 960 formulam
973 906 1176 962 substantivam
1194 907 1239 961 vel
1257 907 1306 962 ad·

295 994 425 1051 iectivam
443 995 613 1050 reddendum
632 1036 1303 1054 ................
1359 998 1394 1052 91

208 1085 233 1141 6,
269 1085 310 1139 Do
328 1084 440 1139 articuli
459 1102 520 1139 cum
540 1084 686 1141 infinitivis
704 1103 756 1139 usu
808 1124 1303 1143 ............
1359 1088 1396 1141 94

208 1176 233 1228 7.
270 1174 310 1228 De
341 1174 458 1228 articulo
486 1194 549 1231 cum
577 1175 639 1229 aliis
666 1175 769 1244 vertis,
799 1176 892 1229 formis
917 1175 1064 1248 ,verborum
1091 1174 1159 1228 totis
1184 1174 1304 1242 denique

295 1263 440 1319 sententiis
458 1265 608 1320 coniuncto
627 1305 899 1323 .......
920 1256 939 1339 f·
939 1306 1301 1322 .........
1358 1267 1394 1321 98

269 1352 401 1423 00071.
437 1354 478 1409 Do
496 1354 608 1411 articuli
627 1373 690 1410 cum
707 1355 917 1425 pronominibus
929 1359 964 1410 *et
983 1354 1065 1411 certis
1083 1353 1228 1408 adiectivis
1248 1372 1299 1406 usu
1356 1355 1391 1408 99

172 1444 231 1511 §L
268 1443 308 1498 De
326 1444 437 1499 articuli
452 1463 514 1501 cum
532 1444 742 1516 pronominibus
760 1443 968 1514 interrogativis
987 1447 1015 1497 et
1033 1442 1185 1499 indefinitis
1204 1460 1254 1494 usu
1296 1486 1300 1494 .
1357 1444 1393 1497 99

208 1533 231 1586 2.
269 1533 308 1587 De
328 1534 441 1588 articuli
460 1553 521 1591 cum
540 1533 750 1604 pronominibus
768 1533 928 1604 possessivis
946 1552 997 1589 usu
1027 1573 1300 1589 .......
1343 1533 1393 1586 101

207 1624 232 1679 3.
269 1622 310 1677 Dc
329 1624 440 1679 articuli
459 1641 521 1678 cum
540 1622 749 1694 pronominibus
769 1621 991 1677 demonstrativis
1010 1640 1061 1675 usu
1116 1661 1301 1678 .....
1342 1622 1394 1676 104

206 1712 231 1768 4.
268 1712 309 1767 De
327 1713 438 1767 articuli
458 1730 520 1767 cum
540 1711 761 1768 demonstrativis
781 1711 953 1766 attributivis
974 1730 1024 1765 usu
1071 1749 1299 1765 ......
1342 1710 1393 1763 107

206 1802 232 1856 b.
268 1804 309 1856 De
328 1801 440 1856 articuli
459 1818 520 1855 cum
541 1801 617 1858 αὐτὸς
635 1820 686 1856 usu
719 1836 1300 1858 ..............
1340 1799 1394 1853 108

205 1891 231 1948 6.
267 1891 307 1945 Dc
324 1890 436 1944 articuli
456 1908 519 1944 cum
536 1892 588 1947 πᾶς
606 1894 635 1947 et
651 1885 711 1948 ὅλος
728 1909 779 1946 usu
800 1927 1295 1948 ............
1337 1887 1393 1942 109

208 1981 232 2032 7.
269 1979 309 2033 De
328 1970 440 2033 articuli
459 1995 522 2032 cum
540 1979 620 2036 uotis
639 1997 689 2033 usu
714 2019 1299 2037 ..............
1341 1986 1394 2039 110

206 2069 230 2123 8.
268 2068 308 2121 De
327 2067 439 2121 articuli
458 2085 521 2121 cum
541 2065 619 2123 ἄλλος
637 2071 665 2123 01
685 2067 768 2138 ἕτερος
787 2085 838 2120 usu
894 2109 1301 2127 ..........
1343 2075 1393 2128 111

206 2160 231 2213 9.
268 2158 308 2211 De
327 2156 438 2211 articuli
457 2176 519 2213 cum
538 2157 644 2213 ἕκαστος
663 2160 691 2211 01
709 2155 789 2225 ἄμφω
808 2175 858 2210 usu
892 2198 1301 2218 ..........
1343 2164 1396 2216 114

192 2249 231 2304 10.
268 2246 308 2300 De
327 2245 439 2300 articuli
458 2265 520 2302 oum
539 2245 624 2318 ἄκρος,
643 2247 728 2316 μέσος,
747 2247 827 2314 μόνος
845 2263 896 2300 usu
938 2288 1299 2304 .........
1343 2253 1394 2305 115

190 2337 230 2390 11.
267 2336 308 2389 00
326 2335 439 2391 articuli
457 2354 520 2391 cum
538 2335 726 2391 numeralibus
746 2354 795 2389 usu
848 2376 1300 2393 ...........
1342 2342 1395 2394 115

267 2424 435 2492 Frequentia
461 2425 572 2480 articuli
598 2425 628 2479 in
655 2424 805 2490 comoedia,
833 2424 976 2494 tragoedia
1004 2428 1032 2478 et
1059 2424 1183 2480 oratione
1210 2425 1302 2480 soluta

295 2516 456 2584 comparata
492 2553 1301 2573 ....................
1340 2519 1394 2575 117
