3156 4966
721 1131 854 1211 caput
880 1132 913 1201 Ι.

652 1296 991 1387 lniroduclio.

343 1458 365 1542 g
389 1456 417 1521 1.
463 1455 513 1520 Ea
537 1472 624 1536 quae
648 1455 691 1520 ‹le
715 1456 869 1522 articulo
893 1472 1022 1534 gracco
1046 1456 1182 1536 scripta
1205 1457 1297 1521 sunt.

297 1581 495 1647 Aristoteles
519 1581 693 1647 articulum
717 1581 879 1646 Graecum
898 1583 947 1646 his
971 1581 1079 1648 verbis
1104 1581 1276 1646 describit:
1294 1583 1433 1664 ’Ἀροριι

208 1687 300 1749 δ’ἐστὶ
333 1686 419 1768 φωυῆ
454 1690 581 1766 ἄσημος,
614 1689 633 1762 ἢ
667 1683 755 1767 λόγου
789 1687 884 1770 ἀρχὴν
917 1686 936 1761 ἢ
972 1689 1057 1758 τέλος
1089 1685 1108 1760 ἢ
1144 1685 1301 1770 διορισμὸν
1337 1688 1432 1764 δηλοῖ,

208 1793 225 1828 '¹‘
249 1793 265 1828 ’⁸
289 1792 346 1828 *²⁸
380 1793 444 1856 οἷον
471 1793 507 1855 τὸ
540 1796 619 1875 ἀμφί
651 1797 702 1856 καὶ
734 1793 769 1854 τὸ
800 1796 870 1877 περὶ
902 1798 953 1855 καὶ
984 1793 1023 1853 τὰ
1057 1797 1140 1855 utta.
1164 1793 1183 1868 ἢ
1207 1792 1293 1874 φωνὴ
1318 1794 1434 1873 ἄσημος

208 1903 227 1976 ἢ
251 1902 321 1963 οὔτε
345 1896 453 1962 κωλύει
478 1902 549 1963 οὔτε
567 1901 651 1962 ποιεῖ
668 1899 774 1981 φωυὴυ
797 1903 870 1980 μίαν
885 1899 1073 1980 σημαυτικῆυ
1097 1904 1130 1963 ἐκ
1152 1896 1299 1962 πλειόνων
1323 1907 1433 1981 φωνῶν

207 2009 363 2088 πεφυκυῖα
386 2009 536 2070 τίθεσθαι
559 2011 609 2069 καί
632 2009 683 2069 ἐπὶ
707 2010 808 2089 ἄκρων
830 2010 881 2069 καὶ
905 2009 956 2068 ἐπὶ
978 2014 1035 2069 τοῦ
1057 2004 1161 2086 μέσου.
1176 2006 1197 2088 ¹)

298 2114 492 2194 Apollonius
507 2115 751 2179 Alexandrinus
774 2116 879 2179 multa
894 2117 934 2178 de
950 2115 1091 2180 articulo
1114 2114 1149 2178 in
1167 2114 1260 2179 libris
1275 2119 1433 2194 quattuor
1538 2132 1541 2136 “

207 2224 277 2303 περὶ
300 2217 502 2309 συιτάξεωςῖ)
527 2222 666 2305 scripsit,
690 2241 755 2302 qua
778 2222 862 2287 inre
886 2239 992 2305 saepe,
1016 2228 1054 2285 ut
1075 2221 1134 2286 alii
1148 2227 1299 2286 auctores
1314 2219 1433 2285 Graeci

210 2328 300 2394 verbi
335 2325 479 2411 ἀναφορὰ
505 2328 690 2394 memoriam
713 2326 840 2414 fecit.³)
887 2329 971 2394 Sunt
994 2328 1049 2408 qui
1072 2333 1192 2408 putent
1216 2328 1431 2409 Tryphonem,

210 2435 300 2500 cuius
309 2436 502 2515 Apollonius
527 2454 625 2516 saepe
648 2436 835 2501 memoriam
856 2435 945 2518 facit,
970 2441 1074 2500 totum
1098 2434 1218 2499 librum
1237 2437 1277 2499 de
1292 2433 1432 2499 articulo

209 2541 386 2622 scripsisse.

299 2649 488 2714 Theodorus
504 2647 594 2714 Gaza
617 2650 699 2714 haec
721 2648 870 2728 scripsit:
908 2646 952 2708 Τὸ
976 2648 1009 2708 δὲ
1034 2649 1153 2728 ἄρθρον
1177 2646 1242 2708 ἐστὶ
1264 2650 1319 2726 μὲν
1343 2643 1432 2726 λόγου

207 2753 360 2816 πτωτικόν
396 2756 487 2836 μέρος
535 2750 782 2834 προτασσὸμιυου
818 2755 882 2824 τοῖς
919 2749 1055 2832 ὀνόμασι·
1104 2755 1266 2836 διαιρεῖται
1311 2755 1345 2816 δὲ
1391 2753 1433 2824 εἰς

207 2857 410 2945 προτακτικὸυ
431 2885 465 2924 τε
484 2864 535 2923 καὶ
557 2858 768 2923 ὑποτακτικὸν·
793 2863 904 2944 κυρίως
917 2884 949 2940 γε
964 2859 1024 2939 μὴν
1039 2862 1159 2943 ἄρθρον
1172 2860 1208 2920 τὸ
1221 2855 1432 2943 προτακτικὸν.

208 2969 292 3030 ποιεῖ
312 2963 527 3042 δ’ἀυαπὸλησικ
549 2969 800 3051 προεγνωσμένου
822 2975 879 3030 τοῦ
903 2969 935 3029 ἐν
957 2975 997 3043 τῆ
1020 2963 1169 3041 συντάξει.
1182 2966 1205 3049 4)

298 3076 346 3142 Ut
382 3093 489 3142 omnes
527 3077 567 3140 de
604 3075 732 3142 Graeca
769 3075 983 3159 grammatica
1025 3075 1124 3140 libros
1165 3079 1265 3154 atque
1309 3072 1432 3153 scripta

208 3181 380 3265 periodica,
414 3200 497 3262 quae
520 3188 655 3266 vocant,
688 3182 846 3265 omittam,
878 3183 960 3247 haec
984 3180 1157 3261 praecipue
1190 3186 1268 3244 sunt
1299 3179 1431 3263 scripta,

208 3307 293 3369 quae
317 3288 416 3372 digua
438 3287 517 3354 mihi
539 3289 694 3354 memoria
717 3289 934 3356 videbantur:
1061 3296 1066 3304 “

298 3397 333 3461 Τ.
366 3395 404 3461 F.
436 3395 633 3479 Middleton,
666 3397 735 3461 The
758 3395 916 3462 Doctrina
949 3393 985 3460 of
1007 3395 1061 3458 the
1084 3391 1195 3457 Greek
1218 3393 1346 3458 Article
1370 3399 1432 3458 etc.

207 3501 346 3570 Loudon
380 3503 474 3568 1808.
520 3503 603 3567 Neu
635 3502 758 3568 edition
790 3502 872 3568 with
904 3500 1076 3582 prefatory
1107 3500 1334 3566 observatione
1366 3501 1433 3564 and

207 3609 310 3674 Notos
333 3611 378 3692 by
400 3610 440 3674 H.
464 3610 495 3675 J.
520 3610 614 3690 Rosa,
638 3608 775 3674 London
800 3610 894 3674 1841.
940 3606 985 3672 uf.
1009 3625 1084 3688 pag.
1109 3607 1161 3671 21.

280 3785 299 3853 ¹)
318 3789 377 3855 περὶ
394 3785 530 3850 ποιητικὴ
547 3784 605 3839 XX.

279 3873 301 3942 ²)
319 3873 359 3928 cf.
378 3872 507 3928 llichorst
526 3873 571 3927 die
580 3873 667 3927 Lehra
681 3873 729 3927 des
738 3871 904 3942 Apollonius
914 3870 1047 3940 Dyscolus
1058 3888 1120 3927 vom
1130 3871 1248 3939 Artikel,
1268 3869 1430 3940 Philologus

207 3961 250 4029 38,
277 3980 304 4031 p.
324 3963 385 4029 399,
415 3980 483 4031 sqq„
507 3964 536 4016 et
559 3961 604 4016 die
622 3961 709 4015 Lehre
737 3961 784 4015 des
802 3959 883 4030 Apol.
903 3960 986 4029 Dysc.
1006 3977 1068 4014 vom
1091 3959 1226 4015 articulus
1245 3959 1432 4030 pospositirua

207 4049 326 4104 Wehlau
348 4052 430 4117 1882,
458 4053 603 4121 praeterea
631 4049 663 4105 G.
683 4053 713 4105 F.
733 4048 905 4103 Schoemann
924 4047 1053 4103 Animad.
1073 4048 1110 4102 ad
1132 4052 1187 4105 vet
1207 4065 1293 4119 gram.
1314 4047 1431 4104 doctrin.

207 4139 242 4194 de
261 4143 314 4194 art.
333 4139 428 4193 Jahrb.
449 4140 467 4193 f.
488 4139 521 4196 cl.
541 4138 614 4195 Phil.
650 4138 716 4208 Sup.
735 4138 785 4192 Bd.
805 4137 838 4191 V.
876 4141 938 4208 Sep.
961 4137 1043 4192 Abdr.
1081 4137 1155 4208 Lips.
1176 4138 1254 4193 1864.

278 4227 300 4296 ³)
319 4227 362 4285 cf.
380 4228 497 4293 Behher,
516 4230 601 4284 Anec.
621 4246 661 4298 gr.
698 4246 745 4297 pp.
765 4228 826 4293 873,
845 4228 906 4292 899,
925 4229 985 4283 902.

278 4319 300 4387 ⁴)
318 4317 494 4389 Γραμματικὴ
512 4312 647 4386 εἰσαγωγὴ,
667 4336 693 4387 p.
715 4319 773 4372 155.
