3156 4966
767 189 831 251 114

718 277 876 285 ...————

321 379 400 463 §tl
439 379 499 444 lle
522 378 665 445 articuli
689 397 767 444 cum
797 384 975 451 ἕκαστος
997 380 1033 444 ot
1057 384 1174 463 άμφω
1197 397 1287 448 ποια

276 521 313 586 Α.
347 522 558 588 substantivo
587 523 760 587 articulum
793 524 925 588 habenti
959 527 1083 594 ἕκαστος
1114 524 1147 589 in
1180 526 1410 606 praedicativa

187 628 347 708 positione
371 629 504 694 additur
517 627 538 709 ¹)
562 631 593 694 in

557 755 641 815 πλεῖν
664 751 684 811 δ
706 748 863 835 τριάκονθ’
886 756 999 835 ἡμέρας

557 868 613 922 τοῦ
635 857 730 938 μηνδς
752 857 890 922 ἑκάστου.
1196 866 1241 929 Α.
1266 865 1409 931 858-9.

186 981 437 1067 παραβάλλουσαι
459 994 513 1059 τῆς
536 1010 567 1047 τε
590 983 732 1064 μυναικδς
754 989 804 1047 καί
822 981 951 1067 τάνδρὸς
968 986 1090 1065 τοῦνομ’
1110 983 1247 1054 ἑκάστου.
1289 989 1326 1054 Θ.
1343 991 1409 1054 803

188 1096 325 1174 (ἕκαστον
348 1094 533 1159 Dindorniuo
558 1090 619 1179 [ed.
645 1092 717 1179 On]
744 1094 885 1176 Bothino,
914 1093 1119 1158 'interschius
1143 1102 1178 1159 et
1200 1095 1409 1178 Madvigius).

398 1221 449 1279 καί
471 1215 531 1295 μὴν
553 1214 596 1296 μά
618 1215 672 1276 τάν
703 1216 744 1276 Δί’
769 1220 805 1277 οδ
829 1219 893 1279 κατ’
920 1217 990 1287 ἑπος
1011 1218 1046 1296 μὲ
1068 1241 1124 1279 σου
1147 1219 1239 1280 κνίσω

398 1324 432 1384 τδ
461 1325 531 1407 ῥῆμ’
557 1327 684 1385 ἕκαστον
1191 1329 1227 1391 Β.
1253 1329 1407 1394 1198-9

186 1449 237 1513 hic
261 1449 453 1531 Blaydesiue
486 1449 580 1534 (nota
613 1451 655 1514 ad
687 1451 728 1512 Il.
755 1450 850 1529 1031)
875 1450 1027 1530 proponit
1059 1453 1111 1511 cal
1133 1470 1192 1532 pro
1215 1449 1250 1510 τὸ
1275 1472 1406 1536 ponere,

186 1558 271 1636 quod
295 1556 478 1621 sententiae
502 1555 672 1620 obnoxium
696 1575 765 1619 ease
788 1556 886 1621 facile
908 1557 1124 1639 intellegitur.

398 1683 509 1741 oi'moov
532 1685 602 1741 καθ’
627 1676 755 1754 ἑκάστην
779 1682 925 1741 ἀπεδίδου
948 1679 1003 1755 τὴν
1027 1677 1121 1743 νάκτα
1144 1706 1204 1764 σοι;
1242 1685 1284 1749 Π.
1312 1686 1405 1766 1031⁷

188 1805 284 1870 etiam
309 1806 360 1869 hic
393 1805 551 1869 articulus
577 1806 750 1887 Blaydeslo
783 1806 910 1872 obviam
944 1812 994 1869 est
1026 1808 1216 1889 (4‘Dieplioet
1245 1809 1407 1874 articulus

185 1919 262 1977 ante
285 1908 380 1972 νάκκα
403 1911 574 1994 additus'’.]l
599 1919 633 1975 et
657 1914 889 1977 emendandum
913 1914 1065 1993 proponit
1090 1915 1235 1975 απεδίδιν
1258 1940 1288 1975 τι
1312 1912 1405 1977 νύκτα

184 2042 240 2094 σοι,
264 2022 320 2083 Vel

396 2126 506 2185 οὔκουν
530 2125 600 2185 καθ’
627 2118 756 2197 ἑκάστην
780 2126 842 2198 δῆτ’
870 2126 1017 2187 ἀπεδίδου
1040 2122 1135 2188 νύκτα
1159 2151 1219 2208 σοι;

184 2252 225 2314 ad
259 2250 334 2329 quoi
366 2257 534 2329 comparat
565 2250 636 2311 καθ’
667 2245 796 2323 ἑκάστην
820 2251 934 2333 ἡμέραν
957 2253 1039 2317 Xen.
1062 2254 1149 2318 Hell.
1177 2253 1219 2317 Π.
1243 2253 1267 2317 Ι.
1295 2256 1345 2337 17,
1369 2260 1401 2318 et
1429 2249 1434 2262 ’

180 2350 308 2428 ἑκάστης
331 2356 444 2438 ἡμέρας
466 2358 572 2439 Plato,
606 2359 694 2422 Prot.
720 2358 792 2422 318.
816 2358 854 2422 A.
910 2360 1015 2441 Quam
1048 2359 1303 2424 emendationem
1338 2381 1399 2426 non

179 2463 392 2527 necessariam
421 2482 489 2527 esse
523 2483 562 2527 ex
595 2465 805 2542 sequentibus
839 2466 917 2530 locis
950 2469 1072 2531 elucet:
1105 2463 1182 2526 κακά
1204 2464 1260 2540 την
1284 2468 1398 2550 ἡμέραν

179 2564 307 2642 ἑκάστην
343 2570 433 2634 Dem.
473 2573 521 2635 18.
558 2573 607 2646 16,
647 2572 744 2635 Thilo.
778 2574 806 2654 6,
839 2574 890 2655 63,
928 2575 999 2635 καθ’
1034 2568 1163 2647 ἑκάστην
1194 2571 1251 2647 την
1284 2576 1398 2658 ἡμέραν

178 2677 272 2740 ISOOI'.
297 2678 370 2759 277,
403 2676 441 2757 Α,
473 2676 585 2757 itaque
610 2671 736 2750 ἑκάστης
758 2684 812 2751 τῆς
836 2680 932 2748 οἰκίας
955 2681 1038 2745 Xen.
1071 2681 1131 2745 An.
1165 2680 1237 2744 VH.
1266 2680 1324 2746 IV.
1352 2684 1398 2764 14,

178 2787 195 2856 ἡ
233 2777 315 2855 τάξις
352 2778 462 2856 ἑκάστη
499 2785 592 2867 Xon,
629 2784 703 2866 Cyr.
742 2786 768 2850 5.
803 2787 831 2851 3.
865 2788 925 2868 36„
963 2787 994 2847 ἓν
1030 2794 1069 2871 τῇ
1099 2795 1138 2872 μῇ
1170 2783 1282 2870 ἑκάστῃ
1314 2789 1397 2855 Xelt

177 2890 251 2972 (lyr.
275 2892 304 2955 8.
328 2894 357 2954 p,
382 2892 410 2973 6,
443 2894 460 2963 ἡ
485 2889 570 2972 ψυχά
596 2885 705 2965 ἑκάστη
729 2893 836 2974 Plato,
864 2894 1000 2958 Phaedr.
1026 2896 1099 2960 248.
1123 2895 1170 2978 lo,
1198 2900 1259 2954 τῶν
1282 2890 1397 2958 πόλεων

177 2993 311 3058 ἑκάστων
343 3000 454 3080 Plato,
484 2997 623 3077 Hippias
655 2999 729 3080 Maj.
762 3001 834 3065 281.
869 3001 912 3083 B„
945 3000 977 3060 ἑν
1004 3001 1072 3071 ταῖς
1101 2996 1224 3062 πάλεσιν
1257 2997 1397 3072 ἑκάσταις

176 3106 283 3188 Plato,
299 3106 348 3169 De
362 3106 443 3184 Rep.
459 3105 531 3170 339.
548 3104 580 3186 C,
595 3103 672 3165 κατά
686 3103 740 3165 τδν
756 3107 880 3179 ὁπλίτην
895 3108 1022 3168 ἑκαστον
1032 3107 1131 3172 Thuc.
1142 3108 1170 3173 5.
1181 3109 1233 3189 49,
1249 3112 1322 3191 eit,
1338 3116 1395 3174 etc.

334 3232 375 3290 ἕν’
399 3229 451 3309 ἀφ’
478 3223 605 3301 ἑκάστης
626 3235 681 3301 τῆς
703 3230 816 3310 τὲχνης,
847 3225 1022 3312 Γηρυτάδης
1044 3234 1066 3296 I.
1091 3233 1121 3296 2.
1279 3234 1396 3316 Toupil

177 3336 361 3402 emendatio
386 3333 542 3422 [11346]
567 3355 625 3415 pro
650 3336 722 3401 Mae.
748 3340 801 3397 ἕνα
824 3335 850 3396 δ’
875 3336 927 3417 ἀφ’
943 3333 1070 3411 ἑκάστης
1083 3338 1197 3420 τέχνης.
1222 3338 1396 3428 “Fortasse

175 3448 325 3522 praestat
348 3446 401 3503 ἕνα
423 3440 480 3524 γάρ
505 3441 557 3521 ἀφ’
582 3436 709 3516 ἑκάστης
730 3442 853 3524 ,τὲχνης”
879 3482 920 3490 -
944 3445 1114 3528 Bergidum

106 3632 109 3638 .
264 3568 511 3633 Substantivum
525 3567 728 3632 indefinitum
744 3575 793 3632 eet
820 3575 853 3632 et
877 3570 1017 3637 articulo
1041 3576 1132 3634 caret
1147 3570 1180 3635 in
1193 3571 1399 3635 καθ’ἕκασκον

175 3675 271 3756 ἄνδρα
294 3674 350 3739 Εκ.
370 3671 472 3759 8373)

262 3818 297 3880 B.
331 3817 423 3896 ἄμφω
456 3837 525 3882 omn
558 3817 763 3883 substantivo
788 3824 840 3882 ter
863 3819 1068 3884 coniunctum
1083 3825 1134 3885 est
1157 3821 1244 3899 apud
1267 3820 1398 3888 Aristo·

121 3947 128 3957 ³
173 3925 312 4004 planem
337 3930 371 3988 et
394 3942 518 4006 semper
541 3925 573 3989 in
598 3925 824 4004 praedicativa
847 3925 1020 4005 positione:

245 4155 265 4224 1)
290 4153 402 4223 (ιὲκαστη
430 4153 545 4208 inservit
572 4155 796 4224 interpretationi
824 4156 952 4209 articuli''
982 4187 1015 4196 -
1044 4155 1211 4210 Fritzschius
1239 4157 1276 4210 ud
1305 4159 1397 4225 Plato,
1419 4148 1422 4152 ’

172 4244 243 4297 Men.
263 4245 305 4309 82,
325 4243 355 4300 ll.

243 4331 264 4401 2)
283 4333 323 4389 Of.
343 4332 536 4404 Bernhardius,
555 4332 658 4400 Syntax
677 4352 704 4401 p.
726 4335 785 4388 140.
1219 4321 1227 4365 ²
1340 4404 1343 4409 .
