3156 4966
680 239 840 338 -ιο-

147 439 224 502 aaa
255 471 297 481 -
331 436 419 498 alter
431 431 453 513 ¹)
485 432 603 497 similia
636 439 722 499 suut.
776 435 873 499 Hunc
901 450 991 500 usum
1028 438 1067 498 ut
1104 437 1301 514 permultum
1338 435 1372 500 iu

149 541 292 607 omnibus
316 538 443 622 graecis
467 539 617 620 operibus
640 539 690 604 ita
722 540 756 605 iu
779 539 950 606 comoediis
977 559 1075 620 saepe
1099 539 1280 606 adhibitum
1303 561 1372 607 esse

150 667 190 713 ex
213 647 261 712 his
284 646 373 730 locis,
397 665 477 727 quos
501 665 618 730 omnes
643 646 705 711 uisi
727 647 835 729 fallor,
859 646 968 729 attuli,
1001 645 1142 727 perspici
1164 652 1284 730 potest,
1317 649 1373 730 qui

150 753 281 820 collecti
305 759 406 834 atque
429 755 605 818 secundum
629 772 722 818 casus
746 753 902 820 collocati
925 758 1124 834 sequautur:

184 939 187 944 ·
213 915 252 988 ἤν
273 915 321 984 τίς
341 938 374 974 τι
395 915 471 992 διδῷ
492 920 554 973 τῶν
577 909 760 993 φευγόντων,
786 914 931 986 ξυνθέντε
955 911 990 973 κδ
1012 919 1135 996 πρᾶγμα
1158 908 1204 973 δύ’
1229 915 1296 974 ὄντε

215 1017 452 1096 ἐσπουδάκατον,
478 1017 549 1097 κᾷθ’
573 1025 614 1090 ὡς
636 1022 760 1103 πρίονθ’
785 1025 801 1078 δ
824 1024 879 1098 μὲν
904 1023 989 1097 ἕλκει,
1016 1025 1031 1078 d
1055 1020 1276 1082 δ’άντενέδωκε·

1170 1129 1207 1187 Σ.
1232 1129 1372 1192 698-4.

320 1307 387 1368 XP.
1140 1306 1205 1366 ἐπεί

321 1414 460 1474 άιτοῦσιν
484 1413 539 1473 οὐκ
563 1406 707 1494 άργάριον
731 1420 759 1472 οἱ
780 1412 915 1494 χρηστοί.
961 1413 1038 1474 ΚΑ.
1084 1412 1114 1471 τί
1139 1412 1204 1485 δαίς

318 1521 386 1581 ΧΡ.
411 1523 427 1578 ὁ
450 1509 508 1598 μὲν
530 1523 621 1580 ἵππον
645 1517 772 1598 ἀγαθὸν,
798 1524 813 1578 ὁ
838 1520 871 1580 δὲ
895 1513 988 1589 κύνας
1011 1513 1206 1601 θηρευτικάς.

1167 1628 1209 1687 Π.
1234 1624 1373 1691 155-7.

500 1785 628 1867 χαλεπὸν
652 1783 706 1848 οὖν
730 1787 816 1869 ἔργον
840 1787 977 1870 διαιρεῖν,

501 1895 575 1952 ὅταν
600 1899 615 1952 d
638 1897 694 1973 μὲν
716 1894 801 1977 τεῖνῃ
825 1895 943 1973 βιαίως,

343 2003 358 2058 ὁ
382 1999 651 2082 δ’ἑπαναστρὲφειν
675 1995 803 2073 δύνηται
827 2001 1064 2083 καπερείδεσθαι
1086 2006 1192 2082 τορῶς.

1149 2109 1187 2168 Β.
1214 2109 1373 2173 1100-2.

383 2278 422 2346 ‘0
444 2287 499 2362 μὲν
523 2280 595 2367 ᾖδεν
617 2280 771 2363 Ἀδμήτου
795 2281 882 2364 λόγον
905 2283 980 2368 πρὸς
1003 2286 1160 2367 μυρρίνην,

390 2395 406 2450 ὑ
430 2389 552 2453 δἀιίτὸν
575 2387 739 2470 ἠνάγκαζεν
760 2393 925 2475 Ἁρμοδίου
948 2392 1036 2471 μέλος
1062 2429 1100 2438 -
1126 2392 1288 2473 Πελαργοί.
1307 2394 1377 2450 ΙΙΙ.

154 2562 320 2648 Μεγάλους
342 2563 494 2642 πιθήκους
517 2566 573 2629 οἷδ’
598 2570 720 2651 ἑτέρους
742 2568 828 2639 τινάς
851 2571 954 2648 λέγειν,

155 2676 294 2751 Λυκεάν,
321 2676 444 2752 Τελεάν,
470 2677 672 2759 Πείσανδρον,
698 2677 915 2750 Ἐξνγκεστίδην.

154 2784 194 2843 Β.
219 2777 397 2861 ἀνωμάλους
419 2781 506 2852 εἶπας
527 2779 679 2857 πιθήκους
702 2782 750 2816 **
765 2782 812 2817 **
846 2781 895 2870 [νή
920 2785 982 2843 Δία
1010 2786 1193 2864 ponendum
1221 2780 1376 2869 videtui]¹

156 2893 171 2948 ὁ
195 2889 251 2967 μέν
273 2912 305 2968 γε
329 2885 433 2965 δειλὸς,
455 2894 470 2948 ὁ
490 2888 522 2950 δὲ
540 2885 637 2966 κόλαξ,
654 2895 669 2949 ὁ
684 2892 717 2952 δὲ
733 2885 836 2960 νάθσς.
854 2927 892 2936 -
909 2889 1113 2973 Phrynichus
1128 2884 1333 2971 Μονοτράπος
1350 2893 1376 2949 Ι.

155 3038 194 3096 ut
217 3033 258 3096 ab
272 3030 501 3114 Aristophanis
519 3032 695 3098 scholiasta
706 3030 731 3110 ²)
755 3033 914 3097 traditum
928 3038 987 3116 est,
1011 3035 1068 3097 sed
1082 3039 1219 3114 propter
1232 3032 1377 3097 absurdi·

156 3146 261 3204 tatem
293 3143 429 3204 duarum
470 3139 622 3221 deinceps
654 3141 802 3206 brevium
838 3141 1041 3224 syllabarum
1073 3139 1107 3204 in
1144 3139 1257 3220 quinto
1295 3141 1376 3218 pede

155 3247 336 3312 Meinekius
360 3254 394 3312 et
419 3247 579 3327 Bernkius
602 3255 798 3332 proponunt,
822 3254 859 3313 ut

228 3423 248 3491 ¹)
267 3439 290 3475 e.
310 3441 336 3492 g.
686 3422 770 3490 nquid
790 3422 889 3476 deinde
908 3423 1019 3490 loquere
1028 3424 1043 3474 ⁶?
1082 3419 1217 3490 ‘Quirites

156 3514 205 3566 hoc
231 3514 302 3580 puta
323 3527 380 3564 non
406 3509 512 3564 iustum
533 3514 581 3576 cst,
609 3515 681 3565 idad
708 3512 792 3578 male,
821 3511 922 3566 rectius
949 3513 1045 3578 aluos*
1070 3540 1104 3548 -
1132 3509 1203 3562 Pers.
1225 3509 1271 3567 IV.
1299 3511 1378 3566 8-9,

157 3600 208 3666 vel,
689 3617 761 3668 uquo
780 3599 901 3672 pertinet
919 3616 983 3670 ergo

157 3690 286 3744 Procerus
314 3687 403 3742 odisse
426 3688 531 3758 lupos?
564 3687 632 3756 quia
663 3689 771 3743 scilicet
802 3693 860 3743 illia

158 3777 293 3832 Maiorem
311 3781 413 3832 natura
431 3779 543 3832 modum
562 3777 647 3847 dedit,
667 3781 711 3832 λιι
729 3778 811 3832 breve
828 3778 962 3849 pondus.''
983 3807 1016 3816 -
1031 3775 1094 3833 Hor.
1113 3775 1169 3829 Sat.
1192 3779 1225 3832 ll.
1237 3779 1271 3833 ll.
1282 3777 1378 3831 35-7.

156 3867 209 3932 vel,
229 3866 316 3935 nNam
335 3885 422 3934 quum
441 3867 477 3920 nis
496 3866 612 3921 conviva
630 3867 698 3939 mihi
716 3867 873 3936 promissus,
892 3865 1006 3920 habebis

157 3956 325 4021 Evandrum,
343 3955 437 4010 venies
455 3955 617 4025 Tirynthius
636 3960 686 4010 aut
703 3956 793 4011 minor
811 3956 859 4010 illo

158 4045 263 4115 Hospes
282 4048 311 4098 et
328 4045 387 4115 ipse
404 4048 500 4099 tamen
519 4045 682 4115 contingens
701 4045 836 4116 sanguiue
855 4045 979 4110 coelum3

160 4137 238 4188 Alter
264 4133 352 4202 aquis,
381 4130 461 4188 alter'
478 4133 596 4187 flammis
624 4134 660 4187 ad
683 4133 774 4187 sidera
799 4133 922 4187 missus.”
948 4165 980 4173 -
999 4132 1126 4189 Juvenal.
1144 4134 1191 4188 XI.
1211 4134 1307 4187 tio-3.

231 4226 274 4279 lta
302 4223 419 4293 Vigerus
449 4222 500 4288 (ed.
521 4221 552 4276 G.
573 4222 732 4291 Hermann).
778 4227 798 4279 Ι.
827 4222 872 4276 IV.
922 4222 1017 4291 „Quod
1045 4221 1138 4276 Latini
1167 4221 1277 4286 dicunt,
1310 4220 1379 4274 alter

160 4310 281 4380 quidem,
301 4312 372 4366 alter
390 4328 461 4378 vero,
482 4310 608 4365 Graecit
626 4312 681 4380 μὲν,
701 4314 715 4364 ὁ
735 4310 762 4365 δὲ
780 4329 830 4382 per
844 4329 937 4366 omues
956 4315 1060 4367 casus.'‘

232 4400 252 4469 ²)
272 4399 359 4455 cdo.
380 4403 421 4456 11.
