3156 4966
825 236 867 299 14

470 431 486 485 ὁ
508 427 564 505 μέν
585 450 618 506 με
641 423 746 504 δειλός,
772 433 788 487 ὁ
811 430 845 490 δὲ
867 425 966 506 κόλαξ,
991 435 1007 489 ὁ
1029 427 1099 492 δἀὖ
1121 426 1224 523 νδθος,

469 534 553 606 ξένος
574 535 601 594 δ’
624 538 640 593 ὁ
663 536 816 617 τέταρτος.

235 712 376 794 legatur,
395 717 511 792 postea
533 712 714 778 Meinekius

447 895 463 950 ὁ
485 893 541 970 μίν
562 915 595 972 γε
619 888 724 970 δειλός,
749 898 765 952 ὁ
789 894 825 955 δὲ
847 889 938 967 κόλαξ
962 892 1038 970 ἔσθ’,
1064 899 1079 953 o
1103 896 1136 956 δὲ
1158 889 1261 971 νόθος,

443 998 529 1070 ,ξένος
551 997 577 1058 δ’
602 1004 618 1058 ο
640 999 794 1082 τέταρτος.

233 1173 379 1255 praefert
403 1194 474 1239 oum
498 1177 630 1259 dactylo
654 1178 688 1243 in
711 1178 825 1257 quinto
848 1180 939 1258 pede.

323 1339 338 1393 δ
361 1337 416 1414 μὲν
431 1335 606 1416 ἐξοφαίνεθ’
625 1333 716 1413 ἱστόν,
742 1338 806 1399 ὁδί
828 1334 1214 1419 διάζεται.-Νίοορί]οῐι,
1246 1335 1408 1422 Πανδὰρα.
1426 1344 1454 1400 1.

232 1441 266 1507 in
289 1461 352 1521 quo
375 1441 560 1523 fragmento
583 1444 721 1523 primum
743 1463 763 1508 a
789 1446 925 1510 Polluce
949 1441 1034 1530 [VH.
1058 1443 1114 1532 33]
1138 1446 1242 1510 allato
1266 1452 1339 1510 erat
1362 1446 1396 1506 δὲ
1419 1446 1453 1510 in

231 1557 372 1628 utroque
394 1550 474 1613 loeo.
520 1549 768 1615 Valckenaerue
801 1557 911 1616 autem
934 1551 1116 1632 proposuit,
1149 1556 1187 1615 ut
1210 1571 1269 1632 pro
1292 1551 1395 1632 primo
1419 1554 1454 1614 δὲ

232 1658 287 1732 μὲν
310 1662 556 1736 supponeretur.

573 1833 629 1904 Ὡς
653 1839 668 1893 ὁ
691 1838 747 1911 μίν
770 1835 904 1911 κλέπτης,
930 1839 946 1894 ὁ
969 1835 1105 1916 δ’ίίρπαξ,

577 1946 592 2000 ὁ
616 1937 799 2025 δάνάπηρος
820 1937 1027 2025 πορνοβοσκός
1183 2002 1185 2006 .

576 2055 762 2128 καταφαμᾶς.
786 2087 829 2094 -
853 2049 1016 2131 Myrtilus,
1062 2048 1181 2113 Incert.
1206 2047 1285 2114 Fab.

232 2263 248 2317 ὁ
272 2259 305 2320 δὲ
328 2258 444 2324 iterari
466 2266 585 2343 potest,
610 2280 680 2325 oum
704 2265 720 2325 ὁ,
743 2263 798 2338 μὲν
822 2263 922 2325 semel
944 2280 1172 2344 praegressum
1190 2261 1246 2326 sit:

228 2453 356 2526 πολλοὺς
378 2457 412 2516 δὲ
435 2454 544 2526 καλοδς
568 2451 806 2535 ἀπομωμοκότας
828 2458 940 2527 παῖδας
961 2455 1036 2539 πρδς
1058 2458 1204 2540 τέρμασιν
1227 2459 1309 2540 ὥρας

229 2561 280 2624 διὰ
302 2560 358 2636 τὴν
382 2561 468 2645 ἰσχδν
490 2561 546 2637 τὴν
569 2564 718 2646 ἡμετέραν
741 2559 919 2646 διεμήρισαν
942 2564 1050 2646 ἄνδρες
1073 2565 1206 2646 ἐρασταί,

230 2674 246 2729 ὁ
269 2673 324 2749 μὲν
347 2671 459 2753 ὄρτυγα
478 2669 557 2747 δοὺς,
583 2674 599 2729 ὁ
623 2671 656 2732 δὲ
678 2672 877 2753 πορφυρίων’,
904 2673 967 2733 ὁδί
989 2673 1064 2753 χῆν’,
1089 2677 1105 2731 ὁ
1128 2673 1162 2734 δὲ
1176 2671 1330 2754 Περσικὸν
1353 2673 1447 2755 ὄρνιν.

1247 2780 1282 2845 O.
1307 2780 1448 2846 705-7.

651 2952 763 3038 χαλεπὴ
786 2979 835 3016 τοι
856 2963 1007 3034 γυναικῶν
1029 2957 1145 3030 ἥξοδος.

463 3068 481 3137 ἡ
505 3066 560 3142 μὲν
581 3058 638 3145 μοίρ
661 3067 746 3140 ἡμῶν
768 3064 837 3144 περί
859 3060 913 3121 τδν
937 3063 1019 3145 ἄνδρ’
1045 3059 1219 3138 ἐκύπτασεν,

463 3174 480 3244 ἡ
504 3170 654 3243 δ’ὀικὲτην
676 3170 802 3252 ἤγειρεν,
827 3173 845 3242 ἡ
870 3170 903 3230 δὲ
925 3171 1048 3231 παιδίον

464 3279 642 3354 κατέκλινεν,
667 3281 685 3351 ἡ
709 3275 869 3353 δ’ἔλουοεν,
894 3279 912 3349 ἡ
935 3273 1128 3359 δ’ἒψώμισεν.
1258 3279 1305 3338 Λ.
1329 3280 1445 3347 16-9,

789 3504 844 3570 δύο
867 3509 892 3568 δ
897 3506 991 3568 αύτδν
1014 3509 1131 3587 δαίμον’
1157 3510 1281 3594 ὀλεῖτον,

409 3622 427 3691 ἡ
451 3619 506 3696 μὲν
530 3617 712 3695 ἐλαυνομένη
737 3617 878 3699 λαθρίοις
902 3616 1037 3698 ἐρετμοῖς
1060 3619 1075 3674 ὁ
1100 3612 1271 3677 δ’ἐλαύνων.

1113 3722 1220 3788 Plato.
1264 3724 1392 3794 Ἀδωνίς
1416 3729 1445 3786 Ι.

460 3939 502 4019 χαί
526 3940 581 4017 μὲν
602 3935 739 4017 γεγηθώς
761 3937 888 4019 ἔτρεχεν,
913 3941 931 4011 ἡ
955 3938 1144 4010 δ’ἐξὲοπασεν

462 4045 494 4105 ἐκ
516 4051 573 4105 τοῦ
595 4040 744 4124 στόματος
760 4042 796 4104 τδ
814 4045 928 4126 κηρίον,
947 4041 983 4103 τὸ
1001 4044 1201 4126 δ’ἀνέκραμεν.
1251 4045 1288 4106 Θ.
1303 4045 1444 4110 510-1.

618 4282 675 4336 τοῦ
697 4278 752 4354 μὲν
774 4277 850 4356 μέγα
873 4279 924 4336 καί
945 4273 1035 4356 παχῦ,

618 4389 672 4456 τῆς
695 4383 720 4442 δ
723 4381 781 4456 ἡδδ
803 4380 839 4441 τδ
864 4389 964 4443 αῦκον.
1217 4381 1257 4443 Ε.
1282 4383 1443 4449 1353-4.
