3156 4966
625 1227 886 1338 Index

169 1654 171 1659 .
490 1621 493 1626 ‘
1293 1615 1360 1660 Ple.

284 1688 429 1744 Dedicatio
467 1727 694 1742 ......
722 1715 725 1721 ·
732 1726 1271 1744 .............
1345 1692 1362 1742 3

282 1777 422 1833 Praefatio
467 1815 1271 1834 ...................
1345 1778 1361 1830 6

237 1868 302 1938 Gap.
323 1869 343 1924 Ι.
380 1864 550 1922 Introductio
597 1911 603 1923 .
641 1909 647 1920 .
678 1872 679 1875 ’
686 1906 1270 1923 ..............

69 1992 73 1998 ·
138 1960 155 2026 t
176 1961 198 2013 1.
236 1956 277 2011 lla
297 1973 369 2024 quac
388 1956 422 2010 ds
440 1955 557 2011 articulo
577 1956 681 2010 Graeco
701 1955 807 2025 scripta
825 1958 891 2008 sunt
910 1994 1270 2012 .........

175 2048 200 2104 2.
237 2047 277 2101 De
296 2045 414 2100 articulo
432 2044 553 2115 primum
573 2044 655 2100 verbo
676 2044 893 2100 demonstrativo
908 2083 1270 2101 .........
1344 2043 1361 2096 8

238 2135 303 2208 Cap.
316 2139 349 2190 ll.
378 2135 419 2189 De
428 2134 546 2189 articulo
557 2137 684 2204 separato
695 2133 724 2189 vi
733 2132 902 2204 pronominis
920 2131 1128 2188 demonstrativi
1145 2132 1271 2187 adhibito
1343 2134 1360 2187 9

137 2226 198 2293 §¹-
236 2224 335 2278 Forma
372 2262 1270 2280 .....................
1343 2223 1360 2275 9

172 2315 197 2368 2.
235 2300 689 2370 ι16666666.......Ι
727 2351 1270 2367 .............
1280 2312 1361 2366 ’10

171 2404 195 2458 3.
233 2403 273 2456 De
292 2402 411 2457 articulo
431 2399 648 2456 demonstrativo
667 2417 729 2454 cum
749 2398 778 2453 δὲ
797 2400 944 2455 coniuncto
998 2440 1270 2458 .......
1327 2402 1359 2454 11

171 2493 197 2546 6
233 2491 315 2566 ῥμὲν
334 2521 367 2531 -
386 2491 400 2542 ὁ
420 2487 448 2542 66
463 2527 1269 2547 ...................
1327 2490 1360 2542 12

174 2582 198 2635 6.
236 2580 277 2635 Dc
295 2578 408 2634 articuli
427 2577 552 2634 adverbii
571 2577 632 2632 loco
652 2596 703 2656 usu
727 2616 1268 2636 .............
1327 2579 1360 2632 19

172 2670 196 2727 6.
233 2669 275 2724 De
293 2667 411 2725 articulo
430 2684 493 2723 cum
512 2666 717 2738 praepositione
736 2667 884 2721 coniuncto
904 2664 1028 2720 adverbii
1048 2665 1103 2720 vim
1123 2665 1243 2720 habenta
1263 2708 1268 2720 .
1325 2668 1361 2722 20

174 2761 199 2814 7,
236 2758 277 2813 De
296 2756 408 2812 articuli
427 2754 637 2810 demonstrativi
652 2755 712 2823 ¹alio
731 2774 781 2810 usu
820 2795 1269 2813 ...........
1325 2757 1359 2810 20

235 2847 301 2917 Cap.
321 2849 369 2901 ΙΙΙ.
408 2846 448 2900 De
466 2844 584 2899 articulo
603 2847 635 2898 ut
653 2861 804 2915 pronomen
822 2843 970 2899 relativum
988 2842 1115 2897 adhibito
1130 2845 1148 2901 .'
1175 2885 1181 2898 .
1219 2884 1225 2897 .
1263 2884 1268 2896 .
1325 2845 1358 2902 21

234 2936 300 3006 (lap.
320 2934 366 2989 IV.
403 2935 444 2988 De
463 2933 580 2998 articulo
600 2949 662 2986 cum
683 2933 795 2988 nomine
814 2932 961 2988 coniuncto
996 2973 1269 2989 .......
1324 2933 1359 2988 23

136 3012 1268 3094 §1.Deforma................'....
1324 3023 1360 3076 23

171 3117 196 3170 2.
233 3114 274 3169 De
292 3111 403 3167 articuli
422 3112 494 3166 crasi
505 3151 1267 3170 ..................
1324 3111 1358 3166 96

172 3207 212 3286 3.,
234 3203 275 3258 Ds
293 3199 405 3256 articuli
422 3199 561 3271 positione
593 3240 1269 3259 ................
1324 3203 1357 3256 31

170 3294 195 3347 4.
233 3292 274 3346 De
291 3290 410 3346 articulo
430 3306 493 3345 cum
511 3289 634 3345 subiecto
654 3289 698 3343 vel
716 3289 878 3360 praedicato
898 3288 1046 3345 coniuncto
1085 3331 1267 3347 .....
1323 3291 1358 3345 32

172 3382 197 3438 6.
233 3381 274 3434 De
292 3379 404 3436 articuli
422 3379 498 3450 apud
517 3379 631 3433 nomina
649 3379 763 3449 propria
783 3397 834 3433 666
860 3418 1267 3437 ..........
1323 3379 1358 3434 34

172 3470 197 3527 6.
233 3469 274 3524 Ι)6
292 3468 404 3525 articuli
422 3469 498 3539 apud
516 3468 690 3539 appellativa
707 3467 821 3523 nomina
840 3486 891 3522 666
947 3508 1266 3526 ........
1322 3470 1357 3522 39

172 3560 197 3614 7.
234 3559 275 3613 De
293 3558 406 3614 articuli
423 3558 453 3613 in
472 3556 620 3612 abstractis
638 3556 796 3612 nominibus
815 3575 867 3611 666
904 3597 1268 3615 .........
1321 3559 1357 3612 69

150 3648 198 3707 ’8,
236 3647 278 3702 De
297 3646 409 3701 articuli
427 3646 458 3701 in
477 3644 686 3700 coordinatione
704 3664 755 3699 usu
774 3686 1268 3704 ............
1323 3648 1358 3702 62

169 3739 195 3794 9,
232 3735 351 3794 Nomina
369 3753 432 3790 cum
445 3734 651 3806 praepositione
671 3733 821 3789 coniuncta
839 3734 957 3791 articulo
976 3737 1072 3790 carent
1082 3775 1266 3791 .....
1322 3738 1356 3791 66

154 3828 196 3883 10.
233 3828 274 3882 De
292 3824 406 3881 articuli
425 3843 488 3880 cum
506 3823 666 3879 nominibus
685 3824 851 3894 appositivis
870 3844 921 3879 usu
950 3865 1266 3882 ........
1321 3827 1357 3880 66

154 3918 193 3970 ll.
231 3917 272 3971 De
290 3914 402 3970 articuli
420 3914 450 3969 in
469 3913 575 3968 duobus
594 3912 753 3967 nominibus
772 3932 836 3980 666,
865 3931 937 3982 quae
965 3915 1035 3968 inter
1063 3930 1091 3967 66
1119 3913 1268 3968 coniuncta

259 3990 331 4055 sunt,
350 3990 383 4042 ut
401 4002 485 4040 unam
503 4003 562 4040 rem
580 3984 768 4055 exprimerent
814 4026 1265 4045 ...........
1321 3986 1356 4040 69

153 4079 195 4134 19.
231 4077 272 4131 De
291 4075 402 4131 articuli
417 4073 496 4145 ‘apud
514 4073 656 4145 genetivos
675 4072 823 4144 partitivos
841 4093 892 4128 666
904 4115 1266 4133 .........
1322 4076 1354 4130 71

153 4166 195 4221 13.
232 4166 273 4221 De
292 4164 404 4221 articuli
422 4164 452 4219 in
471 4164 596 4218 formulis
614 4162 726 4217 iurandi
745 4181 795 4217 usu
816 4204 1266 4222 ...........
1321 4165 1356 4218 74

153 4255 194 4311 14.
231 4256 271 4310 De
290 4253 408 4309 articulo
426 4252 593 4309 attributivo
611 4253 667 4308 vim
687 4252 932 4310 demonstrativam
951 4252 1070 4309 habente
1080 4295 1264 4312 .....
1321 4255 1355 4309 76
