3156 4966
647 167 803 270 —ma

158 370 212 437 τῆς
235 364 321 433 θεοῖς
344 363 457 445 ἐχθροῖς
478 358 610 436 πατάξαι
632 364 723 433 τῆσδε
745 359 837 445 μραδς
859 356 915 435 τήν
937 356 1061 442 γνάθον.
1201 362 1246 422 Λ.
1261 363 1335 446 625,

160 471 191 530 ἐν
213 471 277 540 τοῖς
301 469 536 551 Μαριανδυνοῖς
559 469 683 539 ἐκείνοις
705 465 878 552 βαρβάροις
932 470 1156 553 Pherecratem
1166 471 1243 552 Κορ.
1253 469 1295 534 Π.
1306 472 1335 546 3,

114 575 168 637 τὸν
193 578 297 637 ἄδικον
320 583 430 637 τοῦτον
454 571 541 656 λόγον
563 579 602 640 N.
629 578 700 659 116,
736 574 790 636 τὸν
812 573 907 637 πολὺν
929 581 1040 637 τοῦτον
1067 572 1176 659 χρόνον
1199 575 1237 642 Ε.
1262 578 1335 662 601,

275 679 331 757 τήν
353 685 426 763 μίαν
449 679 565 757 ταυτην
587 683 730 766 παρεῖναι
754 680 913 765 ξυμφορὰν
937 683 1129 762 αἰτουμένοις
1199 684 1237 749 Β.
1262 685 1335 768 699,

776 785 794 864 ἡ
817 787 872 850 τὸν
895 789 980 863 ἥλιον

350 901 444 959 ἕλκειν
468 885 608 960 κάτωθεν
631 897 726 958 ταύτὸ
749 896 838 960 τοῦθ’
861 898 944 978 ὕδωρ
967 892 1075 978 πάλιν;
1112 899 1149 964 Ν,
1175 899 1336 964 1280-1,

204 1005 382 1085 Participio
408 1007 557 1089 λέγοντας
583 1006 705 1088 omisso,
738 1005 898 1069 articulus
930 1006 1018 1069 solus
1051 1023 1121 1070 cum
1149 1005 1337 1085 pronomine

118 1111 375 1177 demonstrativo
397 1111 566 1177 invenitur
588 1111 622 1176 in

167 1282 168 1285 ,
444 1221 502 1283 ml.
526 1221 577 1279 καὶ
599 1219 653 1279 ποῖ
674 1218 816 1301 τρέπεται
838 1217 876 1292 δὴ
891 1219 988 1281 ’πειτα
1011 1217 1050 1278 τὰ
1068 1213 1207 1301 χρήματα
1229 1222 1336 1301 rotata

161 1328 225 1391 ΒΔ,
251 1327 282 1396 ἐς
299 1321 428 1396 τούτους
449 1323 524 1396 τους
546 1326 632 1412 ,οὐχὶ
654 1321 879 1412 προδώσω-τὸν
903 1328 1077 1401 Ἀθηναίων
1100 1325 1291 1409 κολοσυρτὸν,

249 1431 324 1494 ἀλλὰ
346 1440 502 1515 μαχοῦμαι
523 1435 593 1515 περὶ
615 1439 672 1494 τοῦ
694 1427 834 1507 πλήθους
857 1432 931 1498 ἀεί,”
977 1439 1037 1498 κτλ.
1137 1437 1172 1499 Σ.
1197 1435 1336 1500 666-7,

205 1541 239 1604 B.
274 1540 337 1605 Sed
360 1560 425 1606 non
448 1560 523 1605 raro
547 1540 794 1626 substantivum,
814 1541 955 1606 articulo
984 1546 1087 1623 caret,
1116 1540 1243 1606 etiamsi
1267 1560 1337 1606 cum

115 1647 303 1726 pronomine
319 1646 577 1712 demonstrativo
593 1646 809 1730 coniungitur,
830 1666 912 1727 quae
932 1647 1131 1713 constructio
1147 1650 1337 1729 plerumque

114 1754 299 1837 invonitur,
335 1754 391 1818 ubi
423 1753 711 1819 demonstrativum
748 1774 923 1834 pronomen
956 1755 1019 1820 loci
1052 1755 1116 1820 vim
1148 1755 1267 1839 habet,
1300 1762 1338 1820 ut

62 1909 67 1921 .
115 1861 244 1926 nomina
267 1861 400 1942 propria
422 1861 584 1927 hominum
609 1862 839 1944 praesentium,
863 1864 909 1927 ad'
930 1881 1009 1943 quos
1030 1861 1337 1928 animadvertendos

115 1974 211 2050 gestu
234 1970 372 2048 quodam
396 1970 648 2050 demonstratur,
673 1968 814 2032 articulo
839 1974 953 2033 carent
976 1969 1010 2034 in

394 2055 514 2157 κλητῆρ’
539 2073 649 2156 ἔχουσα
675 2076 883 2157 Χαιρεφῶντα
906 2077 1038 2137 τουτονί.
1192 2080 1226 2141 Σ.
1253 2077 1337 2142 1408

116 2185 204 2264 („aut
227 2200 334 2246 secum
357 2181 449 2247 ducit
472 2181 631 2247 hominem
654 2188 713 2246 aut
735 2189 958 2263 spectatorum
982 2183 1122 2263 aliquem
1141 2184 1336 2263 alloquitur’

116 2327 157 2336 -
182 2289 365 2373 Richterus,
389 2293 469 2354 nota
492 2291 534 2353 ad
557 2290 709 2373 accrevi),
741 2288 779 2349 δι’
805 2285 961 2369 Ἐπίγονόν
983 2288 1008 2368 γ’
1033 2291 1160 2351 ἕκεινονῖ
1183 2291 1240 2354 Εκ.
1265 2292 1337 2374 167,

114 2397 315 2477 Βλεψίδημον
338 2397 461 2457 τουτονί
484 2397 622 2479 11332,
645 2398 802 2468 Δεξίνικος
825 2398 929 2457 οὑτοσί
952 2399 993 2463 Π,
1018 2398 1091 2480 800,
1122 2398 1210 2467 ποῖος
1233 2399 1337 2460 οὑτοσὲ

119 2498 290 2582 raptem:
331 2505 559 2586 Pherecrates,
593 2504 716 2584 Χείρων
747 2504 772 2586 I,
805 2505 924 2584 21-2,
957 2507 1014 2569 sed
1047 2524 1117 2569 cum
1149 2504 1337 2571 Timotheus

113 2629 222 2694 supra,
254 2629 352 2676 versu
389 2611 615 2693 autecedente,
652 2629 723 2674 oum
760 2610 901 2676 articulo
939 2616 1205 2677 commemoratus
1242 2618 1336 2695 esset,

114 2717 294 2782 Meinekius
317 2717 386 2782 iure
411 2718 498 2800 dicit,
522 2721 618 2796 „ante
647 2711 801 2795 Τιμόθεος
824 2719 991 2783 addendus
1014 2717 1199 2783 articulua”

206 2824 270 2889 Sed
293 2824 326 2888 in

881 2914 996 2994 σκέψαι
1018 2911 1043 2974 δ’
1068 2914 1134 2975 ’ότι

408 3022 532 3094 Ἴβυκος
555 3022 668 3091 ἐκεῖνος
691 3021 866 3103 κάνακρέων
890 3026 906 3080 δ
929 3015 1027 3094 Τήιος
1086 3011 1090 3019 ’

416 3127 549 3210 ἀρχαῖος,
575 3133 660 3211 οἵπερ
685 3129 834 3211 ἁρμονίαν
858 3123 1013 3209 ἐχύμισαν.
1134 3129 1171 3191 Θ.
1197 3129 1335 3211 160-2,

112 3252 248 3318 articuli
270 3255 341 3318 loco
366 3254 508 3319 relativa
532 3254 697 3319 sententia
720 3256 858 3334 quodam
886 3256 978 3318 modo
1001 3256 1104 3319 modo·
1119 3253 1226 3334 posita
1250 3251 1335 3333 est.¹)

202 3360 315 3440 Aequo
348 3363 440 3426 modo
474 3366 570 3442 gestu
601 3360 635 3425 in
667 3379 735 3425 rem
768 3363 1022 3425 demonstratam
1053 3355 1172 3440 facto²)
1197 3359 1334 3442 nomina,

113 3485 198 3546 quae
231 3480 294 3532 non
328 3467 462 3547 propria
493 3473 588 3550 sunt,
631 3466 758 3531 etiamsi
794 3485 865 3532 cum
901 3467 1045 3547 promine
1078 3466 1334 3532 demonstrativo

113 3574 289 3639 coniuncta
312 3579 397 3658 sunt,
421 3575 562 3640 articulo
587 3580 702 3640 carent
724 3573 758 3639 in

371 3681 492 3750 ἀπολεῖς
515 3675 691 3763 ἄρ’ὁμῆλικα
714 3675 802 3741 τδνδε
826 3681 1037 3760 φιλανθακὲα,
1159 3738 1162 3744 ,
1190 3682 1236 3743 A.
1260 3681 1333 3765 336,

114 3787 262 3871 (Reieigii
285 3787 472 3853 coniectura
495 3807 555 3867 pro
579 3789 638 3870 ἄρα
660 3785 715 3846 τὸν
738 3788 827 3860 ἥλικα
850 3787 961 3872 πῶς),

112 3915 325 3930 m*—

188 3965 208 4034 ¹)
227 3964 362 4030 Kuehner‚
383 3962 426 4017 Gr.
449 3963 492 4020 Gr.
512 3964 545 4029 ΙΙ,
563 3964 624 4028 465,
644 3967 668 4030 6,
688 3979 705 4015 a
724 3962 774 4018 sub
793 3963 853 4016 fine.

185 4053 206 4122 2)
225 4054 377 4107 Pronomen
406 4051 540 4106 Graecum
569 4050 815 4106 demonstrativum
843 4049 899 4105 vim
927 4052 1012 4106 solam
1039 4052 1096 4106 loci
1122 4051 1222 4106 habere
1245 4069 1332 4122 posse,

113 4141 251 4213 optimum
271 4141 428 4211 exemplum
446 4143 488 4195 eot

378 4236 424 4282 καὶ
441 4233 491 4300 γάρ
508 4229 555 4282 τιν’
577 4228 710 4300 ἐκφέρουσι
728 4234 829 4282 τουτονὶ
846 4232 937 4301 νεκρόν
955 4235 986 4283 Β.
1007 4232 1065 4298 170,

113 4320 150 4373 ad
168 4321 243 4387 quod
262 4320 296 4372 cf.
316 4319 484 4374 Fritzschius
503 4318 666 4383 Queotiones
685 4317 839 4372 Lucianeae
857 4338 884 4388 p.
905 4321 964 4374 177.
992 4319 1032 4376 Cf.
1046 4322 1190 4424 praeqea
1204 4323 1237 4376 A.
1254 4320 1331 4375 1069.
