3156 4966
764 205 784 268 8

695 294 851 301 ---——-

254 394 286 461 Ο.
309 396 347 460 F.
372 396 403 462 O.
428 397 583 480 Wagner,
617 400 656 462 de
688 398 823 463 articuli
845 397 992 462 Graecae
1015 396 1148 478 linguae
1171 414 1231 461 166
1253 397 1384 460 16116

163 501 264 583 ipsius
295 521 356 567 usu
389 504 477 582 apud
507 503 683 569 Homerum
716 507 802 570 1810
835 510 869 569 61
894 504 1058 584 Opuscula
1089 501 1274 567 academica
1297 501 1384 566 Mar·

162 607 248 690 burg
273 609 367 692 1832,
391 629 421 690 p.
447 610 488 674 16
512 629 580 689 sqq.

252 715 304 780 W.
341 715 487 799 Krdmer,
530 718 570 779 16
611 715 743 781 articuli
775 706 822 783 vi'
843 723 942 797 atque
979 734 1038 780 usu
1076 717 1163 795 apud
1198 715 1384 780 Hesiodum.

162 819 277 887 Neisse
303 823 397 887 1841.

254 925 292 991 G.
316 927 421 1011 Hahn,
446 930 486 992 de
501 927 634 992 articuli
655 931 743 1009 apud
766 928 910 1011 tragicos
925 927 1069 993 Graecos
1093 930 1164 992 loco
1188 925 1385 1007 pronominis

165 1032 300 1119 relativi
322 1051 389 1098 usu.
437 1034 619 1100 Salrwedel
644 1036 737 1100 1846.

253 1139 293 1205 Κ.
308 1140 345 1205 F.
359 1141 477 1224 Ameis,
494 1142 532 1206 de
547 1141 680 1207 articuli
694 1160 754 1206 usu
768 1143 857 1222 apud
870 1147 985 1222 poetas
1000 1140 1199 1206 Graecorum
1213 1138 1385 1204 bucolicos.
1494 1158 1498 1166 ·

165 1245 381 1312 Miihlhausen
406 1248 499 1313 1846.

254 1353 277 1418 J
280 1405 286 1417 .
317 1354 534 1438 Dornseiffen,
568 1357 608 1419 16
640 1355 781 1420 articulo
814 1357 901 1435 apud
924 1354 1068 1420 Graecos
1101 1354 1232 1434 eiusque
1261 1372 1320 1418 usu
1352 1354 1386 1418 in

165 1459 363 1537 praedicato.
409 1462 643 1526 Amstelodami
668 1462 761 1528 1856.

253 1566 293 1631 H.
317 1566 548 1651 Forstemann,
581 1569 831 1651 Bemerkungen
859 1569 939 1633 iiber
962 1570 1026 1632 den
1048 1567 1223 1632 Gebrauch
1245 1569 1302 1631 des
1325 1566 1387 1630 Ar-

167 1670 267 1735 tikels
290 1672 343 1737 bei
364 1674 492 1739 Homer.
540 1675 722 1741 Salzwedel
747 1677 840 1742 1861.

256 1780 294 1845 R.
319 1781 420 1863 Stein,
444 1782 483 1846 16
506 1782 636 1847 articuli
653 1785 741 1862 apud
755 1782 931 1848 Pindarum
946 1801 1014 1847 usu.
1051 1781 1276 1848 Vratislaviae
1292 1782 1387 1846 1868.

257 1887 295 1950 V.
318 1887 358 1951 H.
382 1887 482 1971 Koch,
507 1891 546 1953 de
570 1888 708 1954 articulo
732 1889 911 1955 Homerico.
957 1888 1045 1970 Lips.
1070 1890 1164 1954 1872.

256 1993 413 2077 Wagner,
445 1997 485 2059 16
517 1994 678 2061 infinitivo
712 1998 800 2076 apud
824 2002 970 2062 oratores
993 1995 1123 2061 Atticos
1152 2014 1223 2060 cum
1247 1981 1387 2060 articulo

168 2099 349 2165 coniuncto.
395 2100 679 2167 Schwerin1885.

290 2293 365 2379 52.
412 2293 464 2359 oe
487 2294 640 2360 articulo
668 2293 823 2375 primum
846 2296 952 2360 verbo
979 2293 1266 2362 demonstrativo.

178 2449 184 2466 ²
260 2436 312 2500 Ex
345 2436 465 2519 linguis
499 2437 723 2517 comparandis
756 2448 896 2517 apparet
929 2437 1103 2502 articulum
1132 2436 1293 2502 Graecum
1327 2437 1391 2504 vim

172 2542 309 2622 primum
333 2544 623 2610 demonstrativam
646 2545 797 2609 habuisse
820 2544 1017 2625 similemque
1042 2563 1111 2608 esse
1131 2545 1239 2610 verbis
1264 2547 1393 2609 demon-

172 2649 323 2715 strativis
335 2657 518 2715 ceterarum
527 2651 863 2734 indogermanicarum
873 2649 1093 2733 linguarum.¹)
1114 2650 1204 2733 Quae
1214 2649 1392 2716 similitudo

173 2757 273 2822 etiam
297 2775 338 2820 ex
361 2758 470 2821 verbis
494 2763 528 2821 61
550 2757 686 2823 Graecis
712 2763 736 2834 o,
761 2759 812 2819 ὅδε
836 2757 890 2842 (=
916 2756 988 2839 11-
1002 2757 1048 2836 11)
1073 2763 1107 2821 61
1131 2753 1229 2835 οὗτος,
1254 2766 1289 2824 61
1313 2759 1393 2824 Ger·

174 2862 307 2927 manicis
344 2866 409 2948 der,
445 2866 553 2949 dieser,
589 2868 630 2930 do
640 2891 651 2950 ,·
697 2873 732 2928 61
763 2851 912 2946 Anglicis
949 2867 1006 2949 116,
1038 2867 1108 2948 this,
1139 2867 1215 2950 thot,
1247 2872 1281 2930 et
1313 2869 1395 2933 111116

173 2977 320 3053 apparet,
345 2969 533 3051 quibuscum
557 2973 659 3037 verba
682 2972 901 3036 Romanorum
924 2990 1007 3051 quae
1032 2971 1184 3036 dicuntur
1207 2972 1394 3054 linguarum

135 3141 138 3148 ,
175 3077 358 3156 comparari
390 3082 543 3160 possunt,
576 3084 613 3141 ut
645 3077 897 3159 Francogallica
928 3081 970 3161 le,
1002 3082 1044 3162 lo,
1079 3083 1113 3141 et
1144 3082 1184 3159 ld,
1217 3084 1252 3142 61
1274 3078 1396 3143 Italica

98 3178 103 3188 “
173 3185 286 3264 d(vel
309 3185 356 3267 lo),
388 3189 432 3270 lo,
463 3188 495 3252 ἰὰ
518 3191 588 3267 616,
621 3203 704 3265 quae
738 3183 844 3249 omnia
872 3183 1029 3265 originem
1059 3185 1182 3248 habent
1209 3184 1394 3250 6111161116

173 3291 273 3355 verbo
296 3295 353 3357 ille.
522 3296 527 3305 '
1143 3312 1146 3321 ·

163 3449 165 3453 ,
195 3431 197 3435 -
264 3397 362 3476 Apud
393 3398 567 3462 Homerum
600 3397 759 3463 articulus
792 3407 850 3462 aut
886 3399 983 3479 plane
1017 3396 1307 3462 demonstrativum
1345 3404 1396 3462 est

159 3509 233 3588 ,aut
244 3503 383 3582 denique
394 3504 683 3570 demonstrativam
697 3505 797 3568 habet
810 3500 914 3588 vim.²)
942 3503 995 3568 Ex
1010 3522 1075 3583 qua
1089 3503 1123 3569 vi
1137 3504 1396 3571 demonstrativa

174 3630 234 3693 per
258 3611 374 3693 epicos,
407 3610 537 3693 lyricos,
570 3610 765 3676 dramaticos
790 3617 905 3690 poetas
928 3613 971 3675 ad
995 3628 1065 3674 eam
1089 3610 1306 3676 extensiorem
1329 3611 1395 3676 vim

174 3717 346 3801 pervenit,
379 3736 475 3797 quam
508 3737 547 3782 ea
580 3724 693 3782 aetate
724 3718 833 3801 habet,
866 3737 930 3797 qua
963 3716 1077 3796 optimi
1108 3716 1214 3781 Attici
1246 3723 1396 3782 auctores

248 3894 276 3964 ¹)‘
288 3892 327 3948 Of.
343 3891 461 3958 Curtius,
482 3891 648 3962 Grundzilge
667 3893 692 3945 d.
712 3908 752 3963 gr.
766 3891 949 3963 Etymologie.
978 3889 1010 3944 V.
1027 3891 1097 3946 Aufi.
1116 3909 1143 3960 p.
1159 3892 1219 3946 394.
1247 3878 1396 3958 Delbrdok,

176 3981 371 4051 Syntaktische
384 3981 589 4050 Forschnngen.
620 3981 667 4038 IV.
687 3983 728 4037 10.
744 3982 778 4050 §fi
791 3984 817 4047 4,
831 3983 856 4038 5.
885 3981 985 4050 Meyer,
1001 3979 1046 4036 Gr.
1062 3978 1244 4034 Grammatilr.
1274 3982 1308 4035 ll.
1324 3979 1395 4034 Aufl.

172 4071 263 4142 §431
292 4072 320 4126 61
346 4070 507 4140 Brugmann
533 4069 563 4124 in
586 4070 609 4123 J.
634 4069 930 4124 Mdller's'Handbuoh
959 4069 985 4125 d.
1013 4068 1095 4124 klass.
1114 4067 1396 4123 Alterthumswissen·

177 4160 275 4214 sehaft.
312 4159 362 4216 Bd.
381 4161 417 4214 II.
453 4161 531 4229 594.
781 4169 784 4173 ·
1233 4184 1235 4188 ·
1315 4183 1319 4192 ·
1375 4179 1379 4187 ’

248 4247 269 4318 2)
290 4248 427 4318 „Primam
446 4236 643 4318 propriamque
661 4247 773 4302 articuli
786 4247 928 4302 notionem
943 4246 1188 4302 demonstrativam
1202 4244 1287 4299 fuisse
1300 4245 1397 4316 negari

177 4336 301 4405 nequit.”
320 4368 355 4377 —
374 4337 459 4403 Koch,
479 4337 513 4391 de
532 4340 583 4391 art.
603 4336 680 4391 Hom.
717 4355 743 4406 p.
764 4338 788 4393 2.
