3156 4966
713 217 867 314 44

436 410 608 485 Ἀλλ’ἕστίν,
634 407 658 471 oi
679 412 783 493 πατέρ,
809 413 918 489 κομιδῆ
940 412 1113 493 μεσημβρία

437 518 525 590 ἡνίκα
547 539 579 596 με
603 514 675 586 toric
697 519 862 599 νεωτέρους
885 518 1017 579 δειπνεῖν
1035 513 1139 598 χρεών,
1243 521 1327 582 Κωκ,
1355 521 1406 582 ΙΙ.

437 620 508 683 Ἐὰν
531 623 567 683 δέ
586 623 610 701 μ’
637 627 721 700 ἡμῶν
746 618 822 684 σῦκά
844 648 891 693 τις
913 625 1103 706 μεσημβρίας

436 724 558 812 τρώγων
582 725 721 812 καθεύδῃ
744 726 852 812 χλωρά,
878 736 937 795 κτλ.
1065 730 1240 809 Nicophon.
1266 733 1349 812 Σειρ.
1378 734 1406 795 I.

269 856 374 935 Saepe
398 861 508 918 autem
533 852 651 918 nomini
675 858 849 936 μεσημβρία
872 853 1032 918 articulus
1056 854 1189 918 additur

339 960 418 1038 κάμέ
437 959 462 1040 7'
487 965 504 1032 η
528 954 623 1042 πόρνη
647 962 720 1040 χθὲς
744 955 922 1022 εἰσελθόντα
945 966 999 1033 τῆς
1020 961 1218 1043 μεσημβρίας,
1266 964 1302 1021 Σ.
1328 963 1406 1045 500,

181 1069 279 1135 etiam
301 1068 342 1129 E.
367 1069 440 1150 290,
463 1066 509 1127 A.
532 1068 606 1150 418,
629 1062 782 1149 Προαμών
804 1068 861 1150 IV,
884 1068 1107 1132 Pherecrates,
1131 1070 1231 1149 Κραπ.
1255 1069 1280 1131 Ι.
1304 1069 1333 1132 3.

435 1189 585 1268 νουμηνία
606 1184 663 1273 γάρ
688 1189 776 1254 ἐστιν.
1266 1195 1301 1256 Σ.
1328 1193 1405 1258 171.

436 1294 455 1367 ἢ
476 1303 635 1377 πανταχοῦ
656 1319 705 1357 τοι
728 1292 837 1366 νυκτός
860 1297 942 1357 ἐστιν
966 1297 998 1358 ἐν
1022 1302 1102 1375 καλῷ
1115 1321 1121 1372 ;
1262 1298 1301 1359 Ε.
1326 1301 1405 1364 321.

178 1423 393 1489 Accusativus
413 1440 507 1486 casus
521 1415 629 1496 νύκτα,
654 1419 680 1484 si
696 1419 899 1486 durationem
915 1420 1070 1502 temporis
1084 1421 1247 1506 exprimit,
1272 1442 1405 1505 semper

179 1531 351 1596 articulum
375 1530 492 1593 habet:

570 1648 626 1725 τὴν
649 1646 743 1712 νόκτα
767 1657 907 1735 θρυλλοῖν
931 1658 990 1718 κτλ,
1275 1658 1301 1719 Ι.
1326 1657 1405 1722 348.

178 1769 212 1828 et
235 1765 273 1827 N.
297 1763 348 1842 36,
372 1760 423 1840 75,
448 1760 542 1842 1069,
568 1760 661 1843 1129,
686 1762 720 1823 Σ.
744 1761 796 1841 93,
828 1761 863 1824 Θ.
887 1762 961 1843 494,
991 1768 1054 1828 Εκ.
1078 1761 1129 1844 33,
1153 1763 1204 1844 39,
1228 1761 1279 1843 55,
1305 1763 1406 1844 1099,

178 1870 273 1951 1123,
296 1870 338 1934 Π.
363 1868 458 1933 1031.
505 1864 550 1930 Gi.
574 1866 671 1930 etiam
696 1886 725 1946 p.
746 1868 799 1930 73.
824 1867 862 1931 D.

337 1971 416 2054 κάγώ
440 1973 565 2051 νομίσας
588 1973 704 2054 ὄρθρον
728 1966 861 2055 ἐχώρουν
880 1969 1107 2052 Ἀλιμουντάδε,
1132 1980 1192 2038 κτλ.
1266 1976 1301 2037 O.
1325 1976 1406 2042 496.

763 2077 885 2141 ἐπειδὰν
910 2082 1023 2163 ὄρθρος
1048 2078 1075 2165 ᾖ.
1253 2083 1301 2146 Λ.
1327 2081 1406 2148 256.

336 2189 366 2247 τί
389 2186 499 2266 λε’μεις;
524 2183 599 2244 ἀλλὰ
622 2192 677 2246 νῦν
699 2184 725 2265 μ’
750 2187 864 2269 ὄρθρος
887 2182 991 2266 βαθός
1264 2191 1301 2248 Σ.
1326 2190 1406 2273 216,

178 2299 234 2361 sed
259 2295 419 2360 articulus
443 2292 576 2358 additur
598 2293 632 2358 in

382 2401 453 2462 οὐδὲ
478 2400 593 2461 στένειν
616 2396 670 2460 τόν
694 2401 809 2483 ὄρθρον
833 2399 878 2460 ἔτι
900 2401 1009 2482 πρᾶγμ’
1037 2396 1097 2483 ἆρά
1119 2424 1188 2480 μοι,
1247 2400 1304 2461 Εκ.
1324 2403 1405 2487 462,

379 2509 429 2568 καί
452 2504 493 2585 μή
517 2513 613 2586 βινῶν
635 2506 708 2577 τοὺς
732 2508 874 2589 ὄρθρους.
1252 2507 1298 2568 Λ.
1322 2512 1396 2577 966

175 2613 229 2679 ubi
253 2615 368 2696 ὄρθρον
401 2613 605 2679 durationem
638 2613 803 2697 exprimit,
836 2618 874 2678 ut
896 2613 1017 2679 Latine
1049 2633 1126 2696 „per
1148 2619 1253 2679 totum
1276 2618 1404 2682 mane’'¹

176 2721 209 2786 Si
245 2720 278 2785 iu
310 2720 411 2801 primo
447 2722 518 2785 loco
556 2723 672 2803 ὄρθρον
705 2725 901 2786 momentum
933 2720 1088 2802 temporis
1116 2721 1325 2803 exprimeret,
1363 2731 1404 2788 ut

176 2825 329 2891 Latinum
353 2825 475 2911 „prima
497 2828 596 2910 luce,”
630 2827 813 2893 emendatio
837 2828 1005 2910 Blaydesii
1027 2826 1103 2911 πρὸς
1126 2830 1241 2911 ὄρθρον
1260 2848 1319 2908 pro
1344 2828 1404 2891 τὸν

175 2935 291 3016 ὄρθρον
315 2939 407 2997 recta
430 2940 524 3017 esset,
548 2953 622 2999 nam
637 2933 843 2999 accusativus
858 2954 928 2999 cum
952 2935 1092 2999 articulo
1117 2934 1307 3000 coniunctus
1331 2955 1402 3002 non

175 3044 376 3122 momentum,
409 3041 465 3104 sed
499 3040 702 3106 durationem
734 3041 889 3121 temporis
922 3041 1082 3125 exprimit,
1116 3047 1151 3106 et
1178 3041 1247 3121 ipse
1270 3041 1402 3109 Aristo-

175 3147 307 3228 phanes,
332 3165 403 3210 cum
425 3152 620 3211 momentum
643 3147 824 3227 exprimere
847 3148 962 3232 voluit,
985 3146 1060 3230 πρὸς
1084 3149 1200 3230 ὄρθρον
1230 3151 1275 3212 Α.
1301 3151 1402 3234 1089,

174 3253 230 3318 Εκ.
255 3255 306 3333 20,
340 3252 404 3313 κατ’
432 3253 548 3335 ὄρθρον
577 3257 612 3318 Σ.
637 3256 709 3338 772,
743 3261 777 3319 et
800 3256 848 3315 ὑπ’
875 3257 990 3338 ὄρθρον
1026 3256 1062 3319 Θ.
1086 3257 1160 3336 500,
1197 3255 1284 3320 dicit.
1331 3257 1400 3324 Sed

174 3359 342 3443 Blaydesii
364 3359 597 3442 interpretatio
621 3379 681 3426 nec
704 3362 888 3427 necessaria
910 3381 970 3428 nec
993 3362 1210 3428 desideranda
1232 3369 1291 3427 est.

401 3480 534 3546 ’Άνυσόν
557 3489 623 3546 ποτ’
648 3481 787 3562 ἐξελθών,
813 3482 919 3558 σκότος
940 3485 997 3571 μὰρ
1020 3488 1161 3567 γίγνεται,

409 3595 469 3656 κτλ,
962 3595 1177 3659 Pherecrates
1200 3595 1330 3660 ontod.
1355 3597 1397 3664 V.

333 3695 408 3758 ἀλλὰ
430 3694 469 3758 σδ
491 3700 546 3776 μὲν
568 3694 688 3776 ἱμονιάν
711 3707 767 3759 τιν’
792 3699 966 3778 ἀποπατεῖς,
992 3702 1058 3780 ε’μοί
1081 3701 1106 3760 δ’

333 3801 397 3886 ὥρα
420 3804 553 3882 βαδίζειν
576 3804 658 3866 ἐστίν
682 3806 724 3875 εἰς
748 3807 914 3883 ἐκκλησίαν,
1171 3809 1227 3873 Εκ.
1252 3808 1396 3877 351-2.

407 3910 471 3993 ὥρα
494 3909 569 3971 ’στίν
593 3912 652 3994 ἄρα
674 3934 727 3990 μοι
749 3911 898 3996 καρτερόν
923 3911 1026 3995 ψυχὴν
1049 3916 1162 3992 λαβεῖν,
1248 3919 1293 3980 A.
1318 3896 1395 3985 393,

174 4036 290 4118 1419,
314 4038 349 4098 Σ.
365 4036 438 4118 346,
453 4035 527 4118 648,
554 4036 588 4099 0.
606 4036 679 4120 640,
693 4038 765 4120 714,
794 4037 826 4103 Θ.
845 4039 939 4121 1189,
965 4039 1058 4122 1228,
1083 4039 1138 4104 Εκ.
1154 4041 1206 4123 30,
1230 4041 1304 4110 285.
1319 4044 1395 4128 877,

174 4142 325 4223 Προαμών
349 4141 405 4224 VI,
428 4141 624 4222 Hermippus
648 4146 760 4226 Στρατ,
785 4144 823 4227 V,
846 4144 1023 4227 Philyliius
1044 4148 1139 4225 Αόμη
1162 4148 1186 4211 Ι.

261 4247 398 4312 Nomina
429 4247 507 4312 anni
539 4253 719 4329 temporum
750 4251 843 4315 modo
876 4269 947 4316 cum
980 4253 1119 4318 articulo
1144 4255 1236 4336 modo
1260 4247 1330 4320 sine
1355 4275 1394 4323 eo

172 4360 249 4420 suut
271 4353 321 4418 his
343 4353 442 4420 locis:
