3156 4966
772 226 814 290 23

483 418 613 498 σέβομαι
637 415 735 479 Aorsoi
759 421 784 480 τ’
811 422 947 482 ἄνασσαν

482 527 608 607 κίθαρίν
631 550 663 588 τε
687 528 790 609 ματέρ’
816 527 919 606 ὕμνων

482 634 586 714 ἄρσενι
609 640 671 712 βοᾷ
693 629 826 712 δόκιμον·

480 747 520 817 τᾷ
543 747 609 820 φῶς
632 741 740 802 ἔσσυτο
764 743 933 820 δαιμονίοις
957 743 1088 820 ὄμμασιν
1180 752 1183 757 ’

480 847 627 930 ἁμετέρας
648 872 681 909 τε
705 849 742 908 δι’
769 849 926 928 αἰφνιδίου
951 844 1032 918 ὀπός·
1053 855 1112 914 ml.
1200 850 1236 914 Θ.
1262 851 1401 916 123-7.

266 1025 436 1091 Articulus
459 1025 493 1090 in
516 1025 681 1092 comoedia
704 1045 807 1106 aeque
830 1032 929 1106 atque
957 1026 989 1091 in
1014 1027 1161 1092 oratione
1185 1029 1295 1092 soluta
1308 1026 1330 1111 ¹)
1364 1034 1403 1092 ut·

177 1150 353 1212 pronomen
386 1132 562 1197 relativum
594 1152 657 1197 non
691 1133 882 1212 adhibetur,
920 1152 991 1197 oum
1028 1135 1061 1199 in
1098 1135 1270 1217 tragoedia
1303 1154 1400 1216 saepe

175 1240 352 1306 relativam
371 1239 436 1304 vim
460 1238 619 1321 habeat‘l)

683 1437 784 1444 ..-—-.-
788 1439 864 1444 ..-.-...
879 1439 892 1444 -

679 1606 812 1686 caput
839 1607 906 1673 IV.

253 1738 339 1827 'De
369 1737 593 1829 articulo
625 1762 743 1828 cum
774 1740 983 1830 nomine
1014 1739 1312 1856 coniuncto.

628 1901 650 1984 5
675 1900 701 1966 1.
748 1900 799 1965 llo
823 1899 949 1966 forma.

208 2051 213 2059 ⁴
264 2043 308 2107 Iis
336 2043 415 2108 loois
439 2045 494 2108 vel
523 2043 666 2124 parodiis
690 2043 844 2128 exceptis
874 2063 956 2124 quae
980 2043 1217 2123 Aristophanes
1241 2062 1282 2108 ex
1306 2045 1397 2109 libris

176 2150 313 2215 aliorum
329 2157 506 2234 poetarum,
531 2151 672 2230 quinon
698 2156 802 2215 totum
826 2151 938 2215 Attide
962 2151 1171 2234 scripserunt,
1195 2151 1341 2235 sumpsit,
1363 2158 1397 2216 et

175 2256 213 2320 iis
246 2257 343 2340 locis,
385 2257 500 2336 quibus
542 2265 640 2338 poeta
673 2259 845 2322 barbaram
879 2276 1049 2338 personam
1086 2260 1271 2338 loquentem
1308 2258 1397 2341 fauit,

174 2369 349 2445 praeterea
381 2364 516 2429 canticis
549 2366 604 2430 vel
627 2365 704 2429 solis
728 2363 840 2446 lyricis
875 2365 978 2429 choris
1012 2364 1174 2447 exceptis,
1213 2364 1246 2429 in
1279 2365 1397 2430 ceteris

174 2471 320 2536 omnihus
343 2471 572 2552 Aristophanis
597 2471 751 2537 diverbiis
775 2470 909 2536 formam
932 2471 1036 2535 Attici
1060 2470 1193 2535 articuli
1216 2472 1396 2537 adhibitam

173 2577 363 2644 invenimus.
408 2579 525 2658 Itaque
541 2581 626 2643 solos
655 2581 742 2643 iocos
767 2598 830 2642 non
855 2580 951 2657 plane
974 2578 1087 2642 Attioe
1111 2578 1251 2658 scriptos
1275 2579 1396 2662 signifi·

174 2689 294 2752 oandos
318 2688 445 2751 curabo.

638 2811 675 2874 A.
714 2811 898 2895 Siapoloris.

262 2941 359 3016 o‘rpro
383 2940 419 3010 ri:
444 2939 478 3001 Σ,
495 2934 581 2999 1235
601 2920 654 3019 ’,ἐκ
678 2941 738 2995 τῶν
756 2935 898 2995 Ἀλκαίου
922 2933 954 2995 δὲ
977 2935 1115 3017 παρῳὸεἷ
1137 2935 1180 3005 εἰς
1203 2934 1331 2995 Κλέωνα
1355 2940 1395 3005 ὡς

172 3038 372 3122 μαινόμειοο”
390 3081 427 3088 -
446 3042 652 3107 Scholiastes.
690 3042 733 3107 A.
744 3044 810 3108 980
824 3062 844 3106 a
858 3060 1018 3122 praecone
1029 3042 1281 3107 Lacedaemonis
1296 3042 1393 3107 diota.

260 3157 304 3211 τῶ
326 3170 385 3230 pro
409 3156 481 3213 τοῦς
504 3150 551 3210 Λ.
576 3151 641 3214 834
664 3169 684 3213 a
709 3148 893 3231 llegarensi
917 3168 1064 3228 persona.

260 3265 315 3327 τᾶς
346 3277 405 3338 pro
432 3262 503 3330 vir:
549 3258 593 3320 A.
617 3258 682 3321 743
714 3256 792 3321 item
824 3275 844 3320 a
876 3255 960 3338 Meg.
994 3274 1142 3337 persona.
1206 3256 1250 3320 Α.
1279 3241 1392 3320 adea

171 3365 327 3431 Boeotios
349 3382 496 3445 persona.
534 3362 571 3428 E.
589 3365 676 3429 1014
698 3363 834 3443 parodia
858 3381 898 3426 ex
921 3362 1088 3443 Euripidis
1102 3361 1219 3425 Medea
1243 3359 1302 3448 [vs.
1318 3361 1392 3449 96.].

171 3471 216 3537 Λ.
234 3472 305 3556 105,
330 3474 403 3555 144,
429 3471 491 3536 155
506 3470 623 3535 Dorioe
648 3469 951 3535 aLaoedaemoniis
974 3468 1100 3533 leminis
1116 3468 1213 3533 diota.
1246 3468 1290 3533 Λ.
1306 3470 1390 3533 1261

171 3598 191 3642 a
216 3580 312 3645 ohoro
336 3578 599 3644 Lacedaemonio.
1161 3596 1165 3601 ·
1358 3565 1361 3570 ’

260 3693 299 3764 τᾷ
311 3707 376 3775 ¹pro
394 3691 449 3771 τῇε
477 3687 522 3750 Α.
542 3684 606 3750 755
621 3683 704 3766 Meg.
729 3688 767 3749 A.
793 3686 865 3767 174,
883 3684 967 3748 1366
982 3682 1057 3746 Lao.
1094 3683 1129 3747 Θ,
1146 3682 1310 3747 12661101.
1327 3683 1389 3764 lyr.

259 3792 315 3853 τὰν
346 3813 405 3873 pro
437 3791 505 3867 τὴν
536 3792 582 3856 Λ.
606 3792 679 3875 133,
712 3792 785 3871 816,
818 3792 880 3855 817
914 3789 997 3872 Meg.
1048 3790 1092 3853 Λ.
1121 3789 1195 3870 866,
1224 3789 1297 3871 861,
1326 3789 1391 3854 954

170 3900 281 3966 Boeot.
319 3903 354 3965 Σ.
378 3902 465 3966 1235
489 3899 625 3980 parodia
645 3917 685 3962 ex
700 3899 830 3962 Alcaeo.
864 3900 898 3960 Σ.
925 3898 1010 3961 1438
1030 3903 1064 3960 et
1082 3899 1166 3962 1439
1189 3897 1275 3978 (nam
1291 3896 1389 3977 Blay·

243 4113 263 4181 ¹)
283 4112 357 4180 “The
377 4111 454 4166 Attio
469 4110 562 4164 Comio
581 4109 636 4163 and
656 4109 737 4162 Prose
756 4107 862 4161 writers
882 4108 916 4162 do
935 4111 984 4162 not
1002 4106 1092 4160 admit
1109 4107 1165 4161 this
1183 4106 1297 4162 relativa
1316 4107 1389 4161 force

171 4200 201 4253 of
217 4200 265 4254 the
285 4201 414 4255 Artiole.'‘
450 4200 520 4264 Jelf„
541 4197 586 4252 Gr.
607 4198 661 4262 Gr,
680 4200 696 4266 ξ
715 4200 775 4252 445.
795 4199 819 4251 3.

243 4289 263 4358 ²)
284 4289 315 4344 G.
336 4289 424 4357 Hahn,
447 4290 487 4343 De
506 4288 618 4343 articuli
636 4288 711 4356 apud
729 4286 851 4356 tragicos
870 4285 987 4340 Graecos
1006 4286 1066 4342 loco
1085 4285 1255 4356 pronominis
1279 4285 1388 4340 relativi

171 4397 229 4437 usu,
267 4379 418 4433 Salzwedol
438 4379 515 4435 1816.
